Store,State,Date,Sales,MSA,DistributionCenter
Store-Fort Pierce FL,FL,1/2/2020,5683.03,,DC-1
Store-Fort Pierce FL,FL,1/3/2020,5049.33,,DC-1
Store-Fort Pierce FL,FL,1/6/2020,2481.96,,DC-1
Store-Fort Pierce FL,FL,1/7/2020,746.21,,DC-1
Store-Fort Pierce FL,FL,1/8/2020,4250.81,,DC-1
Store-Fort Pierce FL,FL,1/9/2020,3868.02,,DC-1
Store-Fort Pierce FL,FL,1/10/2020,4511.04,,DC-1
Store-Fort Pierce FL,FL,1/13/2020,2878.69,,DC-1
Store-Fort Pierce FL,FL,1/14/2020,3390.51,,DC-1
Store-Fort Pierce FL,FL,1/15/2020,60.57,,DC-1
Store-Fort Pierce FL,FL,1/16/2020,4797.46,,DC-1
Store-Fort Pierce FL,FL,1/17/2020,5175.02,,DC-1
Store-Fort Pierce FL,FL,1/20/2020,3425.94,,DC-1
Store-Fort Pierce FL,FL,1/21/2020,3333.51,,DC-1
Store-Fort Pierce FL,FL,1/23/2020,3111.39,,DC-1
Store-Fort Pierce FL,FL,1/24/2020,2409.56,,DC-1
Store-Fort Pierce FL,FL,1/27/2020,1493.45,,DC-1
Store-Fort Pierce FL,FL,1/28/2020,3707.63,,DC-1
Store-Fort Pierce FL,FL,1/29/2020,108.47,,DC-1
Store-Fort Pierce FL,FL,1/30/2020,1295.03,,DC-1
Store-Fort Pierce FL,FL,1/31/2020,4162.62,,DC-1
Store-Fort Pierce FL,FL,2/3/2020,6008.03,,DC-1
Store-Fort Pierce FL,FL,2/4/2020,5365.22,,DC-1
Store-Fort Pierce FL,FL,2/5/2020,327.77,,DC-1
Store-Fort Pierce FL,FL,2/6/2020,2702.46,,DC-1
Store-Fort Pierce FL,FL,2/7/2020,4021.01,,DC-1
Store-Fort Pierce FL,FL,2/10/2020,3400.40,,DC-1
Store-Fort Pierce FL,FL,2/11/2020,2805.31,,DC-1
Store-Fort Pierce FL,FL,2/13/2020,954.60,,DC-1
Store-Fort Pierce FL,FL,2/14/2020,1625.48,,DC-1
Store-Fort Pierce FL,FL,2/17/2020,421.69,,DC-1
Store-Fort Pierce FL,FL,2/18/2020,9840.04,,DC-1
Store-Fort Pierce FL,FL,2/19/2020,96.73,,DC-1
Store-Fort Pierce FL,FL,2/20/2020,2297.91,,DC-1
Store-Fort Pierce FL,FL,2/21/2020,3918.04,,DC-1
Store-Fort Pierce FL,FL,2/24/2020,4115.66,,DC-1
Store-Fort Pierce FL,FL,2/25/2020,3948.87,,DC-1
Store-Fort Pierce FL,FL,2/26/2020,86.42,,DC-1
Store-Fort Pierce FL,FL,2/27/2020,1079.56,,DC-1
Store-Fort Pierce FL,FL,2/28/2020,2800.97,,DC-1
Store-Fort Pierce FL,FL,3/2/2020,6488.37,,DC-1
Store-Fort Pierce FL,FL,3/3/2020,4783.47,,DC-1
Store-Fort Pierce FL,FL,3/4/2020,3554.79,,DC-1
Store-Fort Pierce FL,FL,3/5/2020,3617.29,,DC-1
Store-Fort Pierce FL,FL,3/6/2020,4802.69,,DC-1
Store-Fort Pierce FL,FL,3/9/2020,4114.30,,DC-1
Store-Fort Pierce FL,FL,3/10/2020,2314.56,,DC-1
Store-Fort Pierce FL,FL,3/11/2020,1778.63,,DC-1
Store-Fort Pierce FL,FL,3/12/2020,3628.30,,DC-1
Store-Fort Pierce FL,FL,3/13/2020,3302.63,,DC-1
Store-Fort Pierce FL,FL,3/16/2020,1717.28,,DC-1
Store-Fort Pierce FL,FL,3/17/2020,5424.60,,DC-1
Store-Fort Pierce FL,FL,3/18/2020,30.03,,DC-1
Store-Fort Pierce FL,FL,3/19/2020,4203.40,,DC-1
Store-Fort Pierce FL,FL,3/20/2020,4898.57,,DC-1
Store-Fort Pierce FL,FL,3/23/2020,3483.00,,DC-1
Store-Fort Pierce FL,FL,3/24/2020,2414.18,,DC-1
Store-Fort Pierce FL,FL,3/26/2020,1599.74,,DC-1
Store-Fort Pierce FL,FL,3/27/2020,4919.71,,DC-1
Store-Fort Pierce FL,FL,3/30/2020,656.46,,DC-1
Store-Fort Pierce FL,FL,3/31/2020,1692.61,,DC-1
Store-Fort Pierce FL,FL,4/1/2020,1190.09,,DC-1
Store-Fort Pierce FL,FL,4/2/2020,4391.80,,DC-1
Store-Fort Pierce FL,FL,4/3/2020,3988.49,,DC-1
Store-Fort Pierce FL,FL,4/6/2020,3249.59,,DC-1
Store-Fort Pierce FL,FL,4/7/2020,2738.37,,DC-1
Store-Fort Pierce FL,FL,4/8/2020,278.36,,DC-1
Store-Fort Pierce FL,FL,4/9/2020,2769.71,,DC-1
Store-Fort Pierce FL,FL,4/10/2020,1541.70,,DC-1
Store-Fort Pierce FL,FL,4/13/2020,2984.61,,DC-1
Store-Fort Pierce FL,FL,4/14/2020,4345.72,,DC-1
Store-Fort Pierce FL,FL,4/16/2020,621.85,,DC-1
Store-Fort Pierce FL,FL,4/17/2020,3499.79,,DC-1
Store-Fort Pierce FL,FL,4/20/2020,1484.15,,DC-1
Store-Fort Pierce FL,FL,4/21/2020,2286.03,,DC-1
Store-Fort Pierce FL,FL,4/22/2020,185.01,,DC-1
Store-Fort Pierce FL,FL,4/23/2020,1869.22,,DC-1
Store-Fort Pierce FL,FL,4/24/2020,3612.43,,DC-1
Store-Fort Pierce FL,FL,4/27/2020,1400.23,,DC-1
Store-Fort Pierce FL,FL,4/28/2020,3605.07,,DC-1
Store-Fort Pierce FL,FL,4/30/2020,79.47,,DC-1
Store-Fort Pierce FL,FL,5/1/2020,7799.61,,DC-1
Store-Fort Pierce FL,FL,5/4/2020,3929.07,,DC-1
Store-Fort Pierce FL,FL,5/5/2020,3006.72,,DC-1
Store-Fort Pierce FL,FL,5/6/2020,1565.11,,DC-1
Store-Fort Pierce FL,FL,5/7/2020,2700.69,,DC-1
Store-Fort Pierce FL,FL,5/11/2020,3235.58,,DC-1
Store-Fort Pierce FL,FL,5/12/2020,2637.10,,DC-1
Store-Fort Pierce FL,FL,5/13/2020,129.12,,DC-1
Store-Fort Pierce FL,FL,5/14/2020,4794.81,,DC-1
Store-Fort Pierce FL,FL,5/15/2020,2742.67,,DC-1
Store-Fort Pierce FL,FL,5/18/2020,3032.88,,DC-1
Store-Fort Pierce FL,FL,5/19/2020,2465.56,,DC-1
Store-Fort Pierce FL,FL,5/20/2020,506.12,,DC-1
Store-Fort Pierce FL,FL,5/21/2020,3640.45,,DC-1
Store-Fort Pierce FL,FL,5/22/2020,3521.72,,DC-1
Store-Fort Pierce FL,FL,5/26/2020,3140.20,,DC-1
Store-Fort Pierce FL,FL,5/27/2020,-208.95,,DC-1
Store-Fort Pierce FL,FL,5/28/2020,977.78,,DC-1
Store-Fort Pierce FL,FL,5/29/2020,941.70,,DC-1
Store-Fort Pierce FL,FL,6/1/2020,6955.83,,DC-1
Store-Fort Pierce FL,FL,6/2/2020,5893.12,,DC-1
Store-Fort Pierce FL,FL,6/4/2020,2371.83,,DC-1
Store-Fort Pierce FL,FL,6/5/2020,4179.47,,DC-1
Store-Fort Pierce FL,FL,6/8/2020,2667.10,,DC-1
Store-Fort Pierce FL,FL,6/9/2020,1000.76,,DC-1
Store-Fort Pierce FL,FL,6/10/2020,1702.89,,DC-1
Store-Fort Pierce FL,FL,6/11/2020,3521.20,,DC-1
Store-Fort Pierce FL,FL,6/12/2020,3153.92,,DC-1
Store-Fort Pierce FL,FL,6/15/2020,1776.64,,DC-1
Store-Fort Pierce FL,FL,6/16/2020,2882.61,,DC-1
Store-Fort Pierce FL,FL,6/17/2020,30.74,,DC-1
Store-Fort Pierce FL,FL,6/18/2020,2962.42,,DC-1
Store-Fort Pierce FL,FL,6/19/2020,4153.15,,DC-1
Store-Fort Pierce FL,FL,6/22/2020,2023.14,,DC-1
Store-Fort Pierce FL,FL,6/23/2020,2291.62,,DC-1
Store-Fort Pierce FL,FL,6/24/2020,2664.67,,DC-1
Store-Fort Pierce FL,FL,6/25/2020,2605.15,,DC-1
Store-Fort Pierce FL,FL,6/26/2020,520.84,,DC-1
Store-Fort Pierce FL,FL,6/29/2020,1340.69,,DC-1
Store-Fort Pierce FL,FL,6/30/2020,3175.04,,DC-1
Store-Fort Pierce FL,FL,7/1/2020,2828.61,,DC-1
Store-Fort Pierce FL,FL,7/2/2020,9842.65,,DC-1
Store-Fort Pierce FL,FL,7/6/2020,1594.32,,DC-1
Store-Fort Pierce FL,FL,7/7/2020,108.58,,DC-1
Store-Fort Pierce FL,FL,7/8/2020,670.10,,DC-1
Store-Fort Pierce FL,FL,7/9/2020,3083.90,,DC-1
Store-Fort Pierce FL,FL,7/10/2020,4094.23,,DC-1
Store-Fort Pierce FL,FL,7/13/2020,576.13,,DC-1
Store-Fort Pierce FL,FL,7/14/2020,5603.64,,DC-1
Store-Fort Pierce FL,FL,7/16/2020,572.39,,DC-1
Store-Fort Pierce FL,FL,7/17/2020,8261.73,,DC-1
Store-Fort Pierce FL,FL,7/20/2020,1221.41,,DC-1
Store-Fort Pierce FL,FL,7/21/2020,3435.30,,DC-1
Store-Fort Pierce FL,FL,7/22/2020,1889.25,,DC-1
Store-Fort Pierce FL,FL,7/23/2020,2861.41,,DC-1
Store-Fort Pierce FL,FL,7/24/2020,3863.85,,DC-1
Store-Fort Pierce FL,FL,7/27/2020,2410.79,,DC-1
Store-Fort Pierce FL,FL,7/28/2020,1295.78,,DC-1
Store-Fort Pierce FL,FL,7/29/2020,3471.23,,DC-1
Store-Fort Pierce FL,FL,7/30/2020,3702.93,,DC-1
Store-Fort Pierce FL,FL,7/31/2020,3609.89,,DC-1
Store-Fort Pierce FL,FL,8/3/2020,5166.95,,DC-1
Store-Fort Pierce FL,FL,8/4/2020,5585.03,,DC-1
Store-Fort Pierce FL,FL,8/5/2020,93.64,,DC-1
Store-Fort Pierce FL,FL,8/6/2020,3355.45,,DC-1
Store-Fort Pierce FL,FL,8/7/2020,1193.33,,DC-1
Store-Fort Pierce FL,FL,8/10/2020,1127.05,,DC-1
Store-Fort Pierce FL,FL,8/11/2020,8694.41,,DC-1
Store-Fort Pierce FL,FL,8/13/2020,2633.80,,DC-1
Store-Fort Pierce FL,FL,8/14/2020,5489.16,,DC-1
Store-Fort Pierce FL,FL,8/17/2020,2160.39,,DC-1
Store-Fort Pierce FL,FL,8/18/2020,4246.28,,DC-1
Store-Fort Pierce FL,FL,8/20/2020,1304.85,,DC-1
Store-Fort Pierce FL,FL,8/21/2020,3947.04,,DC-1
Store-Fort Pierce FL,FL,8/24/2020,2490.86,,DC-1
Store-Fort Pierce FL,FL,8/25/2020,448.92,,DC-1
Store-Fort Pierce FL,FL,8/26/2020,1964.71,,DC-1
Store-Fort Pierce FL,FL,8/27/2020,2309.44,,DC-1
Store-Fort Pierce FL,FL,8/28/2020,84.48,,DC-1
Store-Fort Pierce FL,FL,8/31/2020,329.53,,DC-1
Store-Fort Pierce FL,FL,9/1/2020,8123.16,,DC-1
Store-Fort Pierce FL,FL,9/3/2020,7088.02,,DC-1
Store-Fort Pierce FL,FL,9/4/2020,2743.61,,DC-1
Store-Fort Pierce FL,FL,9/8/2020,1562.43,,DC-1
Store-Fort Pierce FL,FL,9/10/2020,4528.86,,DC-1
Store-Fort Pierce FL,FL,9/11/2020,3598.97,,DC-1
Store-Fort Pierce FL,FL,9/14/2020,4326.50,,DC-1
Store-Fort Pierce FL,FL,9/15/2020,2335.75,,DC-1
Store-Fort Pierce FL,FL,9/17/2020,4125.08,,DC-1
Store-Fort Pierce FL,FL,9/18/2020,912.86,,DC-1
Store-Fort Pierce FL,FL,9/21/2020,3243.21,,DC-1
Store-Fort Pierce FL,FL,9/22/2020,3694.18,,DC-1
Store-Fort Pierce FL,FL,9/24/2020,3178.69,,DC-1
Store-Fort Pierce FL,FL,9/25/2020,1796.60,,DC-1
Store-Fort Pierce FL,FL,9/28/2020,1520.23,,DC-1
Store-Fort Pierce FL,FL,9/29/2020,18864.04,,DC-1
Store-Fort Pierce FL,FL,10/1/2020,5790.67,,DC-1
Store-Fort Pierce FL,FL,10/2/2020,6183.71,,DC-1
Store-Fort Pierce FL,FL,10/5/2020,2867.57,,DC-1
Store-Fort Pierce FL,FL,10/6/2020,3473.86,,DC-1
Store-Fort Pierce FL,FL,10/9/2020,4880.00,,DC-1
Store-Fort Pierce FL,FL,10/12/2020,832.13,,DC-1
Store-Fort Pierce FL,FL,10/13/2020,22468.32,,DC-1
Store-Fort Pierce FL,FL,10/14/2020,1814.27,,DC-1
Store-Fort Pierce FL,FL,10/15/2020,5572.61,,DC-1
Store-Fort Pierce FL,FL,10/16/2020,3631.45,,DC-1
Store-Fort Pierce FL,FL,10/19/2020,4921.66,,DC-1
Store-Fort Pierce FL,FL,10/20/2020,2100.58,,DC-1
Store-Fort Pierce FL,FL,10/21/2020,845.98,,DC-1
Store-Fort Pierce FL,FL,10/22/2020,9855.18,,DC-1
Store-Fort Pierce FL,FL,10/23/2020,2463.71,,DC-1
Store-Fort Pierce FL,FL,10/26/2020,9695.37,,DC-1
Store-Fort Pierce FL,FL,10/27/2020,2369.72,,DC-1
Store-Fort Pierce FL,FL,10/29/2020,413.43,,DC-1
Store-Fort Pierce FL,FL,10/30/2020,3093.19,,DC-1
Store-Fort Pierce FL,FL,11/2/2020,10467.66,,DC-1
Store-Fort Pierce FL,FL,11/3/2020,9154.55,,DC-1
Store-Fort Pierce FL,FL,11/4/2020,48.84,,DC-1
Store-Fort Pierce FL,FL,11/5/2020,2333.63,,DC-1
Store-Fort Pierce FL,FL,11/6/2020,7149.38,,DC-1
Store-Fort Pierce FL,FL,11/9/2020,2720.08,,DC-1
Store-Fort Pierce FL,FL,11/10/2020,2586.29,,DC-1
Store-Fort Pierce FL,FL,11/11/2020,5447.74,,DC-1
Store-Fort Pierce FL,FL,11/12/2020,17458.02,,DC-1
Store-Fort Pierce FL,FL,11/13/2020,2399.60,,DC-1
Store-Fort Pierce FL,FL,11/16/2020,1521.39,,DC-1
Store-Fort Pierce FL,FL,11/17/2020,4357.63,,DC-1
Store-Fort Pierce FL,FL,11/18/2020,7323.96,,DC-1
Store-Fort Pierce FL,FL,11/19/2020,430.41,,DC-1
Store-Fort Pierce FL,FL,11/20/2020,5133.76,,DC-1
Store-Fort Pierce FL,FL,11/23/2020,834.48,,DC-1
Store-Fort Pierce FL,FL,11/24/2020,13688.75,,DC-1
Store-Fort Pierce FL,FL,11/25/2020,1938.84,,DC-1
Store-Fort Pierce FL,FL,11/30/2020,233.31,,DC-1
Store-Fort Pierce FL,FL,12/1/2020,5800.33,,DC-1
Store-Fort Pierce FL,FL,12/2/2020,437.02,,DC-1
Store-Fort Pierce FL,FL,12/3/2020,24453.53,,DC-1
Store-Fort Pierce FL,FL,12/4/2020,2638.30,,DC-1
Store-Fort Pierce FL,FL,12/7/2020,1219.22,,DC-1
Store-Fort Pierce FL,FL,12/8/2020,3309.76,,DC-1
Store-Fort Pierce FL,FL,12/9/2020,9730.59,,DC-1
Store-Fort Pierce FL,FL,12/10/2020,3405.62,,DC-1
Store-Fort Pierce FL,FL,12/11/2020,3279.77,,DC-1
Store-Fort Pierce FL,FL,12/14/2020,2318.85,,DC-1
Store-Fort Pierce FL,FL,12/15/2020,18783.84,,DC-1
Store-Fort Pierce FL,FL,12/16/2020,1083.39,,DC-1
Store-Fort Pierce FL,FL,12/17/2020,5324.10,,DC-1
Store-Fort Pierce FL,FL,12/18/2020,4121.31,,DC-1
Store-Fort Pierce FL,FL,12/21/2020,16084.97,,DC-1
Store-Fort Pierce FL,FL,12/22/2020,3000.10,,DC-1
Store-Fort Pierce FL,FL,12/23/2020,13217.31,,DC-1
Store-Fort Pierce FL,FL,12/28/2020,411.60,,DC-1
Store-Fort Pierce FL,FL,12/29/2020,14371.62,,DC-1
Store-Fort Pierce FL,FL,12/31/2020,121.51,,DC-1
Store-Fort Pierce FL,FL,1/4/2021,6911.13,,DC-1
Store-Fort Pierce FL,FL,1/5/2021,7037.24,,DC-1
Store-Fort Pierce FL,FL,1/6/2021,7765.73,,DC-1
Store-Fort Pierce FL,FL,1/7/2021,3812.97,,DC-1
Store-Fort Pierce FL,FL,1/8/2021,20082.01,,DC-1
Store-Fort Pierce FL,FL,1/11/2021,2628.37,,DC-1
Store-Fort Pierce FL,FL,1/12/2021,3919.62,,DC-1
Store-Fort Pierce FL,FL,1/13/2021,13757.52,,DC-1
Store-Fort Pierce FL,FL,1/14/2021,4903.74,,DC-1
Store-Fort Pierce FL,FL,1/15/2021,3828.60,,DC-1
Store-Fort Pierce FL,FL,1/18/2021,2843.68,,DC-1
Store-Fort Pierce FL,FL,1/19/2021,14291.81,,DC-1
Store-Fort Pierce FL,FL,1/20/2021,239.60,,DC-1
Store-Fort Pierce FL,FL,1/21/2021,3178.92,,DC-1
Store-Fort Pierce FL,FL,1/22/2021,14561.13,,DC-1
Store-Fort Pierce FL,FL,1/25/2021,1638.67,,DC-1
Store-Fort Pierce FL,FL,1/26/2021,17641.15,,DC-1
Store-Fort Pierce FL,FL,1/27/2021,567.94,,DC-1
Store-Fort Pierce FL,FL,1/28/2021,12241.93,,DC-1
Store-Fort Pierce FL,FL,1/29/2021,12917.91,,DC-1
Store-Fort Pierce FL,FL,2/1/2021,3787.76,,DC-1
Store-Fort Pierce FL,FL,2/2/2021,6713.10,,DC-1
Store-Fort Pierce FL,FL,2/3/2021,10373.75,,DC-1
Store-Fort Pierce FL,FL,2/4/2021,2596.95,,DC-1
Store-Fort Pierce FL,FL,2/5/2021,5497.82,,DC-1
Store-Fort Pierce FL,FL,2/8/2021,10807.04,,DC-1
Store-Fort Pierce FL,FL,2/9/2021,5185.86,,DC-1
Store-Fort Pierce FL,FL,2/10/2021,1465.93,,DC-1
Store-Fort Pierce FL,FL,2/11/2021,7989.01,,DC-1
Store-Fort Pierce FL,FL,2/12/2021,3779.99,,DC-1
Store-Fort Pierce FL,FL,2/15/2021,1488.88,,DC-1
Store-Fort Pierce FL,FL,2/16/2021,6435.38,,DC-1
Store-Fort Pierce FL,FL,2/17/2021,279.00,,DC-1
Store-Fort Pierce FL,FL,2/18/2021,14334.32,,DC-1
Store-Fort Pierce FL,FL,2/19/2021,3530.61,,DC-1
Store-Fort Pierce FL,FL,2/22/2021,9594.36,,DC-1
Store-Fort Pierce FL,FL,2/23/2021,10311.13,,DC-1
Store-Fort Pierce FL,FL,2/25/2021,993.34,,DC-1
Store-Fort Pierce FL,FL,2/26/2021,1421.44,,DC-1
Store-Fort Pierce FL,FL,3/1/2021,17691.44,,DC-1
Store-Fort Pierce FL,FL,3/2/2021,11968.00,,DC-1
Store-Fort Pierce FL,FL,3/4/2021,1107.71,,DC-1
Store-Fort Pierce FL,FL,3/5/2021,12840.13,,DC-1
Store-Fort Pierce FL,FL,3/8/2021,2076.17,,DC-1
Store-Fort Pierce FL,FL,3/9/2021,3875.42,,DC-1
Store-Fort Pierce FL,FL,3/10/2021,11254.89,,DC-1
Store-Fort Pierce FL,FL,3/11/2021,935.29,,DC-1
Store-Fort Pierce FL,FL,3/12/2021,3773.73,,DC-1
Store-Fort Pierce FL,FL,3/15/2021,2488.02,,DC-1
Store-Fort Pierce FL,FL,3/16/2021,3867.73,,DC-1
Store-Fort Pierce FL,FL,3/17/2021,16020.61,,DC-1
Store-Fort Pierce FL,FL,3/18/2021,1992.29,,DC-1
Store-Fort Pierce FL,FL,3/19/2021,4140.16,,DC-1
Store-Fort Pierce FL,FL,3/22/2021,4382.25,,DC-1
Store-Fort Pierce FL,FL,3/23/2021,14585.51,,DC-1
Store-Fort Pierce FL,FL,3/24/2021,4751.73,,DC-1
Store-Fort Pierce FL,FL,3/25/2021,3045.21,,DC-1
Store-Fort Pierce FL,FL,3/26/2021,4754.25,,DC-1
Store-Fort Pierce FL,FL,3/30/2021,20993.03,,DC-1
Store-Fort Pierce FL,FL,3/31/2021,-152.93,,DC-1
Store-Fort Pierce FL,FL,4/1/2021,3695.79,,DC-1
Store-Fort Pierce FL,FL,4/2/2021,9793.99,,DC-1
Store-Fort Pierce FL,FL,4/5/2021,17047.49,,DC-1
Store-Fort Pierce FL,FL,4/6/2021,2828.95,,DC-1
Store-Fort Pierce FL,FL,4/8/2021,11865.32,,DC-1
Store-Fort Pierce FL,FL,4/9/2021,5311.93,,DC-1
Store-Fort Pierce FL,FL,4/12/2021,811.39,,DC-1
Store-Fort Pierce FL,FL,4/13/2021,3877.31,,DC-1
Store-Fort Pierce FL,FL,4/14/2021,23249.61,,DC-1
Store-Fort Pierce FL,FL,4/15/2021,2520.53,,DC-1
Store-Fort Pierce FL,FL,4/16/2021,4875.14,,DC-1
Store-Fort Pierce FL,FL,4/19/2021,1596.29,,DC-1
Store-Fort Pierce FL,FL,4/20/2021,26979.06,,DC-1
Store-Fort Pierce FL,FL,4/22/2021,1820.32,,DC-1
Store-Fort Pierce FL,FL,4/23/2021,2567.90,,DC-1
Store-Fort Pierce FL,FL,4/26/2021,1719.80,,DC-1
Store-Fort Pierce FL,FL,4/27/2021,26900.99,,DC-1
Store-Fort Pierce FL,FL,4/29/2021,135.55,,DC-1
Store-Fort Pierce FL,FL,4/30/2021,2777.17,,DC-1
Store-Fort Pierce FL,FL,5/3/2021,25980.53,,DC-1
Store-Fort Pierce FL,FL,5/4/2021,12133.79,,DC-1
Store-Fort Pierce FL,FL,5/5/2021,75.21,,DC-1
Store-Fort Pierce FL,FL,5/6/2021,3615.63,,DC-1
Store-Fort Pierce FL,FL,5/7/2021,13293.09,,DC-1
Store-Fort Pierce FL,FL,5/10/2021,13352.54,,DC-1
Store-Fort Pierce FL,FL,5/11/2021,7159.35,,DC-1
Store-Fort Pierce FL,FL,5/13/2021,3523.63,,DC-1
Store-Fort Pierce FL,FL,5/14/2021,4215.41,,DC-1
Store-Fort Pierce FL,FL,5/17/2021,956.36,,DC-1
Store-Fort Pierce FL,FL,5/18/2021,14697.96,,DC-1
Store-Fort Pierce FL,FL,5/19/2021,1423.61,,DC-1
Store-Fort Pierce FL,FL,5/20/2021,17636.83,,DC-1
Store-Fort Pierce FL,FL,5/21/2021,3626.44,,DC-1
Store-Fort Pierce FL,FL,5/24/2021,301.10,,DC-1
Store-Fort Pierce FL,FL,5/25/2021,20740.04,,DC-1
Store-Fort Pierce FL,FL,5/26/2021,736.73,,DC-1
Store-Fort Pierce FL,FL,5/27/2021,12680.41,,DC-1
Store-Fort Pierce FL,FL,5/28/2021,1244.87,,DC-1
Store-Fort Pierce FL,FL,6/1/2021,5776.26,,DC-1
Store-Fort Pierce FL,FL,6/2/2021,16310.85,,DC-1
Store-Fort Pierce FL,FL,6/3/2021,4690.02,,DC-1
Store-Fort Pierce FL,FL,6/4/2021,33148.04,,DC-1
Store-Fort Pierce FL,FL,6/7/2021,1724.29,,DC-1
Store-Fort Pierce FL,FL,6/8/2021,3974.83,,DC-1
Store-Fort Pierce FL,FL,6/9/2021,3167.33,,DC-1
Store-Fort Pierce FL,FL,6/10/2021,2482.44,,DC-1
Store-Fort Pierce FL,FL,6/11/2021,4502.32,,DC-1
Store-Fort Pierce FL,FL,6/14/2021,2608.69,,DC-1
Store-Fort Pierce FL,FL,6/15/2021,29514.52,,DC-1
Store-Fort Pierce FL,FL,6/17/2021,6633.19,,DC-1
Store-Fort Pierce FL,FL,6/18/2021,276.04,,DC-1
Store-Fort Pierce FL,FL,6/21/2021,29525.56,,DC-1
Store-Fort Pierce FL,FL,6/22/2021,2137.30,,DC-1
Store-Fort Pierce FL,FL,6/23/2021,4099.31,,DC-1
Store-Fort Pierce FL,FL,6/24/2021,19326.35,,DC-1
Store-Fort Pierce FL,FL,6/25/2021,5540.87,,DC-1
Store-Fort Pierce FL,FL,6/28/2021,35621.13,,DC-1
Store-Fort Pierce FL,FL,6/29/2021,8189.45,,DC-1
Store-Fort Pierce FL,FL,7/1/2021,3562.57,,DC-1
Store-Fort Pierce FL,FL,7/2/2021,22199.08,,DC-1
Store-Fort Pierce FL,FL,7/6/2021,3850.72,,DC-1
Store-Fort Pierce FL,FL,7/7/2021,2589.81,,DC-1
Store-Fort Pierce FL,FL,7/8/2021,21505.99,,DC-1
Store-Fort Pierce FL,FL,7/9/2021,3959.55,,DC-1
Store-Fort Pierce FL,FL,7/12/2021,1602.21,,DC-1
Store-Fort Pierce FL,FL,7/13/2021,21623.60,,DC-1
Store-Fort Pierce FL,FL,7/14/2021,738.55,,DC-1
Store-Fort Pierce FL,FL,7/15/2021,3560.28,,DC-1
Store-Fort Pierce FL,FL,7/16/2021,16161.32,,DC-1
Store-Fort Pierce FL,FL,7/19/2021,2409.40,,DC-1
Store-Fort Pierce FL,FL,7/20/2021,18963.18,,DC-1
Store-Fort Pierce FL,FL,7/21/2021,361.63,,DC-1
Store-Fort Pierce FL,FL,7/22/2021,17159.49,,DC-1
Store-Fort Pierce FL,FL,7/23/2021,3542.41,,DC-1
Store-Fort Pierce FL,FL,7/26/2021,1195.86,,DC-1
Store-Fort Pierce FL,FL,7/27/2021,34042.72,,DC-1
Store-Fort Pierce FL,FL,7/28/2021,16.68,,DC-1
Store-Fort Pierce FL,FL,7/29/2021,327.84,,DC-1
Store-Fort Pierce FL,FL,7/30/2021,23746.85,,DC-1
Store-Fort Pierce FL,FL,8/2/2021,808.17,,DC-1
Store-Fort Pierce FL,FL,8/3/2021,5346.72,,DC-1
Store-Fort Pierce FL,FL,8/4/2021,22672.99,,DC-1
Store-Fort Pierce FL,FL,8/5/2021,2684.88,,DC-1
Store-Fort Pierce FL,FL,8/6/2021,2206.52,,DC-1
Store-Fort Pierce FL,FL,8/9/2021,4067.16,,DC-1
Store-Fort Pierce FL,FL,8/10/2021,21954.57,,DC-1
Store-Fort Pierce FL,FL,8/12/2021,11755.87,,DC-1
Store-Fort Pierce FL,FL,8/13/2021,5123.54,,DC-1
Store-Fort Pierce FL,FL,8/16/2021,2788.49,,DC-1
Store-Fort Pierce FL,FL,8/17/2021,24529.92,,DC-1
Store-Fort Pierce FL,FL,8/18/2021,34.10,,DC-1
Store-Fort Pierce FL,FL,8/19/2021,2243.01,,DC-1
Store-Fort Pierce FL,FL,8/20/2021,3789.77,,DC-1
Store-Fort Pierce FL,FL,8/23/2021,1062.59,,DC-1
Store-Fort Pierce FL,FL,8/24/2021,26770.05,,DC-1
Store-Fort Pierce FL,FL,8/26/2021,3177.87,,DC-1
Store-Fort Pierce FL,FL,8/27/2021,25717.10,,DC-1
Store-Fort Pierce FL,FL,8/30/2021,211.11,,DC-1
Store-Fort Pierce FL,FL,8/31/2021,1786.42,,DC-1
Store-Fort Pierce FL,FL,9/1/2021,25466.31,,DC-1
Store-Fort Pierce FL,FL,9/2/2021,4932.48,,DC-1
Store-Fort Pierce FL,FL,9/7/2021,26755.17,,DC-1
Store-Fort Pierce FL,FL,9/9/2021,24452.90,,DC-1
Store-Fort Pierce FL,FL,9/10/2021,2237.10,,DC-1
Store-Fort Pierce FL,FL,9/13/2021,3666.72,,DC-1
Store-Fort Pierce FL,FL,9/14/2021,5566.13,,DC-1
Store-Fort Pierce FL,FL,9/15/2021,9594.97,,DC-1
Store-Fort Pierce FL,FL,9/16/2021,1018.18,,DC-1
Store-Fort Pierce FL,FL,9/17/2021,24423.47,,DC-1
Store-Fort Pierce FL,FL,9/20/2021,2153.23,,DC-1
Store-Fort Pierce FL,FL,9/21/2021,26632.12,,DC-1
Store-Fort Pierce FL,FL,9/23/2021,8431.45,,DC-1
Store-Fort Pierce FL,FL,9/27/2021,27291.52,,DC-1
Store-Fort Pierce FL,FL,9/28/2021,1348.81,,DC-1
Store-Fort Pierce FL,FL,9/29/2021,2381.38,,DC-1
Store-Fort Pierce FL,FL,9/30/2021,22966.02,,DC-1
Store-Fort Pierce FL,FL,10/1/2021,1110.54,,DC-1
Store-Fort Pierce FL,FL,10/4/2021,32833.70,,DC-1
Store-Fort Pierce FL,FL,10/5/2021,5957.62,,DC-1
Store-Fort Pierce FL,FL,10/6/2021,135.07,,DC-1
Store-Fort Pierce FL,FL,10/8/2021,22315.15,,DC-1
Store-Fort Pierce FL,FL,10/11/2021,4714.30,,DC-1
Store-Fort Pierce FL,FL,10/12/2021,25810.03,,DC-1
Store-Fort Pierce FL,FL,10/14/2021,11486.52,,DC-1
Store-Fort Pierce FL,FL,10/15/2021,728.38,,DC-1
Store-Fort Pierce FL,FL,10/18/2021,31565.50,,DC-1
Store-Fort Pierce FL,FL,10/19/2021,3837.20,,DC-1
Store-Fort Pierce FL,FL,10/20/2021,605.34,,DC-1
Store-Fort Pierce FL,FL,10/21/2021,17959.27,,DC-1
Store-Fort Pierce FL,FL,10/22/2021,35218.32,,DC-1
Store-Fort Pierce FL,FL,10/25/2021,3879.12,,DC-1
Store-Fort Pierce FL,FL,10/26/2021,29675.92,,DC-1
Store-Fort Pierce FL,FL,10/27/2021,1536.57,,DC-1
Store-Fort Pierce FL,FL,10/28/2021,3293.20,,DC-1
Store-Fort Pierce FL,FL,10/29/2021,20450.66,,DC-1
Store-Fort Pierce FL,FL,11/1/2021,6500.21,,DC-1
Store-Fort Pierce FL,FL,11/2/2021,23985.95,,DC-1
Store-Fort Pierce FL,FL,11/3/2021,11413.63,,DC-1
Store-Fort Pierce FL,FL,11/4/2021,8637.69,,DC-1
Store-Fort Pierce FL,FL,11/5/2021,3011.95,,DC-1
Store-Fort Pierce FL,FL,11/8/2021,30277.84,,DC-1
Store-Fort Pierce FL,FL,11/9/2021,19584.24,,DC-1
Store-Fort Pierce FL,FL,11/10/2021,35075.43,,DC-1
Store-Fort Pierce FL,FL,11/11/2021,11214.68,,DC-1
Store-Fort Pierce FL,FL,11/12/2021,3569.77,,DC-1
Store-Fort Pierce FL,FL,11/15/2021,5168.81,,DC-1
Store-Fort Pierce FL,FL,11/16/2021,39413.26,,DC-1
Store-Fort Pierce FL,FL,11/17/2021,-29.14,,DC-1
Store-Fort Pierce FL,FL,11/18/2021,2067.08,,DC-1
Store-Fort Pierce FL,FL,11/19/2021,39203.43,,DC-1
Store-Fort Pierce FL,FL,11/22/2021,6167.04,,DC-1
Store-Fort Pierce FL,FL,11/23/2021,26255.44,,DC-1
Store-Fort Pierce FL,FL,11/24/2021,2523.76,,DC-1
Store-Fort Pierce FL,FL,11/29/2021,1729.98,,DC-1
Store-Fort Pierce FL,FL,11/30/2021,30363.50,,DC-1
Store-Fort Pierce FL,FL,12/1/2021,2211.08,,DC-1
Store-Fort Pierce FL,FL,12/2/2021,6098.31,,DC-1
Store-Fort Pierce FL,FL,12/3/2021,36595.17,,DC-1
Store-Fort Pierce FL,FL,12/6/2021,2110.94,,DC-1
Store-Fort Pierce FL,FL,12/7/2021,29614.08,,DC-1
Store-Fort Pierce FL,FL,12/8/2021,25874.18,,DC-1
Store-Fort Pierce FL,FL,12/9/2021,6114.17,,DC-1
Store-Fort Pierce FL,FL,12/10/2021,18278.59,,DC-1
Store-Fort Pierce FL,FL,12/13/2021,2089.99,,DC-1
Store-Fort Pierce FL,FL,12/14/2021,24513.08,,DC-1
Store-Fort Pierce FL,FL,12/15/2021,2374.06,,DC-1
Store-Fort Pierce FL,FL,12/16/2021,41441.75,,DC-1
Store-Fort Pierce FL,FL,12/17/2021,3107.26,,DC-1
Store-Fort Pierce FL,FL,12/20/2021,27486.29,,DC-1
Store-Fort Pierce FL,FL,12/21/2021,28606.46,,DC-1
Store-Fort Pierce FL,FL,12/22/2021,2369.23,,DC-1
Store-Fort Pierce FL,FL,12/27/2021,2853.85,,DC-1
Store-Fort Pierce FL,FL,12/28/2021,43439.04,,DC-1
Store-Fort Pierce FL,FL,12/29/2021,23.71,,DC-1
Store-Fort Pierce FL,FL,12/30/2021,666.94,,DC-1
Store-Theodore AL,AL,1/2/2020,5234.53,"Mobile, AL Metro Area",DC-1
Store-Theodore AL,AL,1/3/2020,1119.47,"Mobile, AL Metro Area",DC-1
Store-Theodore AL,AL,1/6/2020,995.50,"Mobile, AL Metro Area",DC-1
Store-Theodore AL,AL,1/7/2020,3701.25,"Mobile, AL Metro Area",DC-1
Store-Theodore AL,AL,1/8/2020,2380.05,"Mobile, AL Metro Area",DC-1
Store-Theodore AL,AL,1/9/2020,1842.08,"Mobile, AL Metro Area",DC-1
Store-Theodore AL,AL,1/10/2020,512.58,"Mobile, AL Metro Area",DC-1
Store-Theodore AL,AL,1/13/2020,3966.55,"Mobile, AL Metro Area",DC-1
Store-Theodore AL,AL,1/14/2020,2396.09,"Mobile, AL Metro Area",DC-1
Store-Theodore AL,AL,1/15/2020,1099.05,"Mobile, AL Metro Area",DC-1
Store-Theodore AL,AL,1/16/2020,2246.57,"Mobile, AL Metro Area",DC-1
Store-Theodore AL,AL,1/17/2020,795.71,"Mobile, AL Metro Area",DC-1
Store-Theodore AL,AL,1/20/2020,3246.17,"Mobile, AL Metro Area",DC-1
Store-Theodore AL,AL,1/21/2020,6814.17,"Mobile, AL Metro Area",DC-1
Store-Theodore AL,AL,1/22/2020,2244.36,"Mobile, AL Metro Area",DC-1
Store-Theodore AL,AL,1/23/2020,746.20,"Mobile, AL Metro Area",DC-1
Store-Theodore AL,AL,1/24/2020,1484.49,"Mobile, AL Metro Area",DC-1
Store-Theodore AL,AL,1/27/2020,2053.14,"Mobile, AL Metro Area",DC-1
Store-Theodore AL,AL,1/28/2020,1405.36,"Mobile, AL Metro Area",DC-1
Store-Theodore AL,AL,1/29/2020,2928.48,"Mobile, AL Metro Area",DC-1
Store-Theodore AL,AL,1/31/2020,1594.30,"Mobile, AL Metro Area",DC-1
Store-Theodore AL,AL,2/3/2020,3506.18,"Mobile, AL Metro Area",DC-1
Store-Theodore AL,AL,2/4/2020,1501.61,"Mobile, AL Metro Area",DC-1
Store-Theodore AL,AL,2/5/2020,1613.82,"Mobile, AL Metro Area",DC-1
Store-Theodore AL,AL,2/6/2020,1736.44,"Mobile, AL Metro Area",DC-1
Store-Theodore AL,AL,2/7/2020,768.96,"Mobile, AL Metro Area",DC-1
Store-Theodore AL,AL,2/10/2020,2684.98,"Mobile, AL Metro Area",DC-1
Store-Theodore AL,AL,2/11/2020,972.42,"Mobile, AL Metro Area",DC-1
Store-Theodore AL,AL,2/12/2020,3554.85,"Mobile, AL Metro Area",DC-1
Store-Theodore AL,AL,2/13/2020,2247.58,"Mobile, AL Metro Area",DC-1
Store-Theodore AL,AL,2/14/2020,1061.37,"Mobile, AL Metro Area",DC-1
Store-Theodore AL,AL,2/17/2020,3501.70,"Mobile, AL Metro Area",DC-1
Store-Theodore AL,AL,2/18/2020,7519.48,"Mobile, AL Metro Area",DC-1
Store-Theodore AL,AL,2/19/2020,4373.68,"Mobile, AL Metro Area",DC-1
Store-Theodore AL,AL,2/20/2020,1377.12,"Mobile, AL Metro Area",DC-1
Store-Theodore AL,AL,2/21/2020,4817.05,"Mobile, AL Metro Area",DC-1
Store-Theodore AL,AL,2/24/2020,989.55,"Mobile, AL Metro Area",DC-1
Store-Theodore AL,AL,2/25/2020,9915.53,"Mobile, AL Metro Area",DC-1
Store-Theodore AL,AL,2/26/2020,5779.84,"Mobile, AL Metro Area",DC-1
Store-Theodore AL,AL,2/27/2020,9433.00,"Mobile, AL Metro Area",DC-1
Store-Theodore AL,AL,2/28/2020,703.26,"Mobile, AL Metro Area",DC-1
Store-Theodore AL,AL,3/2/2020,4375.77,"Mobile, AL Metro Area",DC-1
Store-Theodore AL,AL,3/3/2020,1499.14,"Mobile, AL Metro Area",DC-1
Store-Theodore AL,AL,3/4/2020,3659.25,"Mobile, AL Metro Area",DC-1
Store-Theodore AL,AL,3/5/2020,1239.13,"Mobile, AL Metro Area",DC-1
Store-Theodore AL,AL,3/6/2020,5172.44,"Mobile, AL Metro Area",DC-1
Store-Theodore AL,AL,3/9/2020,2422.20,"Mobile, AL Metro Area",DC-1
Store-Theodore AL,AL,3/10/2020,2130.69,"Mobile, AL Metro Area",DC-1
Store-Theodore AL,AL,3/11/2020,3284.79,"Mobile, AL Metro Area",DC-1
Store-Theodore AL,AL,3/12/2020,532.23,"Mobile, AL Metro Area",DC-1
Store-Theodore AL,AL,3/13/2020,2802.89,"Mobile, AL Metro Area",DC-1
Store-Theodore AL,AL,3/16/2020,1542.61,"Mobile, AL Metro Area",DC-1
Store-Theodore AL,AL,3/17/2020,3459.85,"Mobile, AL Metro Area",DC-1
Store-Theodore AL,AL,3/18/2020,3471.38,"Mobile, AL Metro Area",DC-1
Store-Theodore AL,AL,3/19/2020,1074.29,"Mobile, AL Metro Area",DC-1
Store-Theodore AL,AL,3/20/2020,1101.37,"Mobile, AL Metro Area",DC-1
Store-Theodore AL,AL,3/23/2020,2903.37,"Mobile, AL Metro Area",DC-1
Store-Theodore AL,AL,3/24/2020,2892.17,"Mobile, AL Metro Area",DC-1
Store-Theodore AL,AL,3/25/2020,6205.78,"Mobile, AL Metro Area",DC-1
Store-Theodore AL,AL,3/26/2020,2824.46,"Mobile, AL Metro Area",DC-1
Store-Theodore AL,AL,3/27/2020,199.23,"Mobile, AL Metro Area",DC-1
Store-Theodore AL,AL,3/30/2020,2395.38,"Mobile, AL Metro Area",DC-1
Store-Theodore AL,AL,3/31/2020,1218.32,"Mobile, AL Metro Area",DC-1
Store-Theodore AL,AL,4/1/2020,3244.23,"Mobile, AL Metro Area",DC-1
Store-Theodore AL,AL,4/2/2020,1006.13,"Mobile, AL Metro Area",DC-1
Store-Theodore AL,AL,4/3/2020,512.59,"Mobile, AL Metro Area",DC-1
Store-Theodore AL,AL,4/6/2020,1374.70,"Mobile, AL Metro Area",DC-1
Store-Theodore AL,AL,4/7/2020,3221.65,"Mobile, AL Metro Area",DC-1
Store-Theodore AL,AL,4/8/2020,1147.40,"Mobile, AL Metro Area",DC-1
Store-Theodore AL,AL,4/9/2020,687.52,"Mobile, AL Metro Area",DC-1
Store-Theodore AL,AL,4/10/2020,1866.31,"Mobile, AL Metro Area",DC-1
Store-Theodore AL,AL,4/13/2020,1265.64,"Mobile, AL Metro Area",DC-1
Store-Theodore AL,AL,4/14/2020,752.08,"Mobile, AL Metro Area",DC-1
Store-Theodore AL,AL,4/15/2020,2529.04,"Mobile, AL Metro Area",DC-1
Store-Theodore AL,AL,4/16/2020,589.94,"Mobile, AL Metro Area",DC-1
Store-Theodore AL,AL,4/17/2020,644.27,"Mobile, AL Metro Area",DC-1
Store-Theodore AL,AL,4/20/2020,2161.44,"Mobile, AL Metro Area",DC-1
Store-Theodore AL,AL,4/21/2020,1293.84,"Mobile, AL Metro Area",DC-1
Store-Theodore AL,AL,4/22/2020,1275.90,"Mobile, AL Metro Area",DC-1
Store-Theodore AL,AL,4/23/2020,1385.74,"Mobile, AL Metro Area",DC-1
Store-Theodore AL,AL,4/24/2020,5193.33,"Mobile, AL Metro Area",DC-1
Store-Theodore AL,AL,4/27/2020,864.84,"Mobile, AL Metro Area",DC-1
Store-Theodore AL,AL,4/28/2020,1687.83,"Mobile, AL Metro Area",DC-1
Store-Theodore AL,AL,4/29/2020,1153.66,"Mobile, AL Metro Area",DC-1
Store-Theodore AL,AL,4/30/2020,2915.13,"Mobile, AL Metro Area",DC-1
Store-Theodore AL,AL,5/1/2020,109.94,"Mobile, AL Metro Area",DC-1
Store-Theodore AL,AL,5/4/2020,3040.15,"Mobile, AL Metro Area",DC-1
Store-Theodore AL,AL,5/5/2020,743.52,"Mobile, AL Metro Area",DC-1
Store-Theodore AL,AL,5/6/2020,2543.69,"Mobile, AL Metro Area",DC-1
Store-Theodore AL,AL,5/7/2020,1274.88,"Mobile, AL Metro Area",DC-1
Store-Theodore AL,AL,5/11/2020,2174.59,"Mobile, AL Metro Area",DC-1
Store-Theodore AL,AL,5/12/2020,2198.62,"Mobile, AL Metro Area",DC-1
Store-Theodore AL,AL,5/13/2020,1628.88,"Mobile, AL Metro Area",DC-1
Store-Theodore AL,AL,5/14/2020,1241.26,"Mobile, AL Metro Area",DC-1
Store-Theodore AL,AL,5/15/2020,3305.16,"Mobile, AL Metro Area",DC-1
Store-Theodore AL,AL,5/18/2020,1051.69,"Mobile, AL Metro Area",DC-1
Store-Theodore AL,AL,5/19/2020,2292.86,"Mobile, AL Metro Area",DC-1
Store-Theodore AL,AL,5/20/2020,1461.10,"Mobile, AL Metro Area",DC-1
Store-Theodore AL,AL,5/21/2020,2230.83,"Mobile, AL Metro Area",DC-1
Store-Theodore AL,AL,5/22/2020,1103.22,"Mobile, AL Metro Area",DC-1
Store-Theodore AL,AL,5/26/2020,1981.61,"Mobile, AL Metro Area",DC-1
Store-Theodore AL,AL,5/27/2020,2327.97,"Mobile, AL Metro Area",DC-1
Store-Theodore AL,AL,5/28/2020,731.58,"Mobile, AL Metro Area",DC-1
Store-Theodore AL,AL,5/29/2020,2518.21,"Mobile, AL Metro Area",DC-1
Store-Theodore AL,AL,6/1/2020,3085.94,"Mobile, AL Metro Area",DC-1
Store-Theodore AL,AL,6/2/2020,1779.29,"Mobile, AL Metro Area",DC-1
Store-Theodore AL,AL,6/3/2020,2943.88,"Mobile, AL Metro Area",DC-1
Store-Theodore AL,AL,6/4/2020,759.32,"Mobile, AL Metro Area",DC-1
Store-Theodore AL,AL,6/5/2020,619.15,"Mobile, AL Metro Area",DC-1
Store-Theodore AL,AL,6/8/2020,4151.22,"Mobile, AL Metro Area",DC-1
Store-Theodore AL,AL,6/9/2020,268.35,"Mobile, AL Metro Area",DC-1
Store-Theodore AL,AL,6/10/2020,2465.41,"Mobile, AL Metro Area",DC-1
Store-Theodore AL,AL,6/11/2020,2040.08,"Mobile, AL Metro Area",DC-1
Store-Theodore AL,AL,6/12/2020,1953.33,"Mobile, AL Metro Area",DC-1
Store-Theodore AL,AL,6/15/2020,2406.16,"Mobile, AL Metro Area",DC-1
Store-Theodore AL,AL,6/16/2020,3339.74,"Mobile, AL Metro Area",DC-1
Store-Theodore AL,AL,6/17/2020,2124.57,"Mobile, AL Metro Area",DC-1
Store-Theodore AL,AL,6/18/2020,1540.52,"Mobile, AL Metro Area",DC-1
Store-Theodore AL,AL,6/19/2020,1792.11,"Mobile, AL Metro Area",DC-1
Store-Theodore AL,AL,6/22/2020,3033.77,"Mobile, AL Metro Area",DC-1
Store-Theodore AL,AL,6/23/2020,1498.74,"Mobile, AL Metro Area",DC-1
Store-Theodore AL,AL,6/24/2020,2199.94,"Mobile, AL Metro Area",DC-1
Store-Theodore AL,AL,6/25/2020,813.85,"Mobile, AL Metro Area",DC-1
Store-Theodore AL,AL,6/26/2020,1517.67,"Mobile, AL Metro Area",DC-1
Store-Theodore AL,AL,6/29/2020,4379.20,"Mobile, AL Metro Area",DC-1
Store-Theodore AL,AL,6/30/2020,753.47,"Mobile, AL Metro Area",DC-1
Store-Theodore AL,AL,7/1/2020,1708.62,"Mobile, AL Metro Area",DC-1
Store-Theodore AL,AL,7/2/2020,1054.74,"Mobile, AL Metro Area",DC-1
Store-Theodore AL,AL,7/6/2020,4771.30,"Mobile, AL Metro Area",DC-1
Store-Theodore AL,AL,7/7/2020,368.37,"Mobile, AL Metro Area",DC-1
Store-Theodore AL,AL,7/8/2020,3098.92,"Mobile, AL Metro Area",DC-1
Store-Theodore AL,AL,7/9/2020,2721.64,"Mobile, AL Metro Area",DC-1
Store-Theodore AL,AL,7/10/2020,1766.66,"Mobile, AL Metro Area",DC-1
Store-Theodore AL,AL,7/13/2020,1987.64,"Mobile, AL Metro Area",DC-1
Store-Theodore AL,AL,7/14/2020,3416.12,"Mobile, AL Metro Area",DC-1
Store-Theodore AL,AL,7/15/2020,4656.50,"Mobile, AL Metro Area",DC-1
Store-Theodore AL,AL,7/16/2020,2354.94,"Mobile, AL Metro Area",DC-1
Store-Theodore AL,AL,7/17/2020,2389.20,"Mobile, AL Metro Area",DC-1
Store-Theodore AL,AL,7/20/2020,2360.74,"Mobile, AL Metro Area",DC-1
Store-Theodore AL,AL,7/21/2020,3391.60,"Mobile, AL Metro Area",DC-1
Store-Theodore AL,AL,7/22/2020,2681.63,"Mobile, AL Metro Area",DC-1
Store-Theodore AL,AL,7/23/2020,1060.58,"Mobile, AL Metro Area",DC-1
Store-Theodore AL,AL,7/24/2020,1847.45,"Mobile, AL Metro Area",DC-1
Store-Theodore AL,AL,7/27/2020,3930.82,"Mobile, AL Metro Area",DC-1
Store-Theodore AL,AL,7/28/2020,1513.56,"Mobile, AL Metro Area",DC-1
Store-Theodore AL,AL,7/29/2020,3461.47,"Mobile, AL Metro Area",DC-1
Store-Theodore AL,AL,7/30/2020,3203.85,"Mobile, AL Metro Area",DC-1
Store-Theodore AL,AL,7/31/2020,1787.36,"Mobile, AL Metro Area",DC-1
Store-Theodore AL,AL,8/3/2020,2180.74,"Mobile, AL Metro Area",DC-1
Store-Theodore AL,AL,8/4/2020,1207.32,"Mobile, AL Metro Area",DC-1
Store-Theodore AL,AL,8/5/2020,2338.64,"Mobile, AL Metro Area",DC-1
Store-Theodore AL,AL,8/6/2020,3832.32,"Mobile, AL Metro Area",DC-1
Store-Theodore AL,AL,8/7/2020,323.31,"Mobile, AL Metro Area",DC-1
Store-Theodore AL,AL,8/10/2020,1903.90,"Mobile, AL Metro Area",DC-1
Store-Theodore AL,AL,8/11/2020,2639.89,"Mobile, AL Metro Area",DC-1
Store-Theodore AL,AL,8/12/2020,1212.10,"Mobile, AL Metro Area",DC-1
Store-Theodore AL,AL,8/13/2020,3225.86,"Mobile, AL Metro Area",DC-1
Store-Theodore AL,AL,8/14/2020,1808.46,"Mobile, AL Metro Area",DC-1
Store-Theodore AL,AL,8/17/2020,3319.53,"Mobile, AL Metro Area",DC-1
Store-Theodore AL,AL,8/18/2020,2695.49,"Mobile, AL Metro Area",DC-1
Store-Theodore AL,AL,8/19/2020,3704.65,"Mobile, AL Metro Area",DC-1
Store-Theodore AL,AL,8/20/2020,1492.94,"Mobile, AL Metro Area",DC-1
Store-Theodore AL,AL,8/21/2020,1179.38,"Mobile, AL Metro Area",DC-1
Store-Theodore AL,AL,8/24/2020,2419.01,"Mobile, AL Metro Area",DC-1
Store-Theodore AL,AL,8/25/2020,1197.35,"Mobile, AL Metro Area",DC-1
Store-Theodore AL,AL,8/26/2020,1273.99,"Mobile, AL Metro Area",DC-1
Store-Theodore AL,AL,8/27/2020,3128.44,"Mobile, AL Metro Area",DC-1
Store-Theodore AL,AL,8/28/2020,2027.77,"Mobile, AL Metro Area",DC-1
Store-Theodore AL,AL,8/31/2020,2195.24,"Mobile, AL Metro Area",DC-1
Store-Theodore AL,AL,9/1/2020,2189.05,"Mobile, AL Metro Area",DC-1
Store-Theodore AL,AL,9/2/2020,2325.43,"Mobile, AL Metro Area",DC-1
Store-Theodore AL,AL,9/3/2020,2378.14,"Mobile, AL Metro Area",DC-1
Store-Theodore AL,AL,9/4/2020,1639.68,"Mobile, AL Metro Area",DC-1
Store-Theodore AL,AL,9/8/2020,2469.18,"Mobile, AL Metro Area",DC-1
Store-Theodore AL,AL,9/9/2020,6496.29,"Mobile, AL Metro Area",DC-1
Store-Theodore AL,AL,9/10/2020,1932.11,"Mobile, AL Metro Area",DC-1
Store-Theodore AL,AL,9/11/2020,827.49,"Mobile, AL Metro Area",DC-1
Store-Theodore AL,AL,9/14/2020,1642.25,"Mobile, AL Metro Area",DC-1
Store-Theodore AL,AL,9/15/2020,174.90,"Mobile, AL Metro Area",DC-1
Store-Theodore AL,AL,9/17/2020,726.57,"Mobile, AL Metro Area",DC-1
Store-Theodore AL,AL,9/18/2020,1772.59,"Mobile, AL Metro Area",DC-1
Store-Theodore AL,AL,9/21/2020,2083.99,"Mobile, AL Metro Area",DC-1
Store-Theodore AL,AL,9/22/2020,1668.18,"Mobile, AL Metro Area",DC-1
Store-Theodore AL,AL,9/23/2020,1635.63,"Mobile, AL Metro Area",DC-1
Store-Theodore AL,AL,9/24/2020,1213.00,"Mobile, AL Metro Area",DC-1
Store-Theodore AL,AL,9/25/2020,926.55,"Mobile, AL Metro Area",DC-1
Store-Theodore AL,AL,9/28/2020,2963.62,"Mobile, AL Metro Area",DC-1
Store-Theodore AL,AL,9/29/2020,2328.97,"Mobile, AL Metro Area",DC-1
Store-Theodore AL,AL,9/30/2020,2955.65,"Mobile, AL Metro Area",DC-1
Store-Theodore AL,AL,10/1/2020,4320.06,"Mobile, AL Metro Area",DC-1
Store-Theodore AL,AL,10/2/2020,2238.30,"Mobile, AL Metro Area",DC-1
Store-Theodore AL,AL,10/5/2020,2718.43,"Mobile, AL Metro Area",DC-1
Store-Theodore AL,AL,10/6/2020,935.92,"Mobile, AL Metro Area",DC-1
Store-Theodore AL,AL,10/7/2020,2118.49,"Mobile, AL Metro Area",DC-1
Store-Theodore AL,AL,10/8/2020,2503.19,"Mobile, AL Metro Area",DC-1
Store-Theodore AL,AL,10/9/2020,6926.36,"Mobile, AL Metro Area",DC-1
Store-Theodore AL,AL,10/12/2020,6552.80,"Mobile, AL Metro Area",DC-1
Store-Theodore AL,AL,10/13/2020,1460.96,"Mobile, AL Metro Area",DC-1
Store-Theodore AL,AL,10/14/2020,3276.47,"Mobile, AL Metro Area",DC-1
Store-Theodore AL,AL,10/15/2020,1417.49,"Mobile, AL Metro Area",DC-1
Store-Theodore AL,AL,10/16/2020,1912.24,"Mobile, AL Metro Area",DC-1
Store-Theodore AL,AL,10/19/2020,1535.09,"Mobile, AL Metro Area",DC-1
Store-Theodore AL,AL,10/20/2020,1812.02,"Mobile, AL Metro Area",DC-1
Store-Theodore AL,AL,10/21/2020,4097.99,"Mobile, AL Metro Area",DC-1
Store-Theodore AL,AL,10/22/2020,1217.21,"Mobile, AL Metro Area",DC-1
Store-Theodore AL,AL,10/23/2020,1538.19,"Mobile, AL Metro Area",DC-1
Store-Theodore AL,AL,10/26/2020,2342.29,"Mobile, AL Metro Area",DC-1
Store-Theodore AL,AL,10/27/2020,1768.62,"Mobile, AL Metro Area",DC-1
Store-Theodore AL,AL,10/28/2020,1782.58,"Mobile, AL Metro Area",DC-1
Store-Theodore AL,AL,10/30/2020,2314.46,"Mobile, AL Metro Area",DC-1
Store-Theodore AL,AL,11/2/2020,5673.07,"Mobile, AL Metro Area",DC-1
Store-Theodore AL,AL,11/3/2020,2778.11,"Mobile, AL Metro Area",DC-1
Store-Theodore AL,AL,11/4/2020,1572.24,"Mobile, AL Metro Area",DC-1
Store-Theodore AL,AL,11/5/2020,2497.67,"Mobile, AL Metro Area",DC-1
Store-Theodore AL,AL,11/6/2020,1070.64,"Mobile, AL Metro Area",DC-1
Store-Theodore AL,AL,11/9/2020,4939.45,"Mobile, AL Metro Area",DC-1
Store-Theodore AL,AL,11/10/2020,3052.44,"Mobile, AL Metro Area",DC-1
Store-Theodore AL,AL,11/11/2020,1284.88,"Mobile, AL Metro Area",DC-1
Store-Theodore AL,AL,11/12/2020,1724.14,"Mobile, AL Metro Area",DC-1
Store-Theodore AL,AL,11/13/2020,1337.89,"Mobile, AL Metro Area",DC-1
Store-Theodore AL,AL,11/16/2020,2619.51,"Mobile, AL Metro Area",DC-1
Store-Theodore AL,AL,11/17/2020,1783.34,"Mobile, AL Metro Area",DC-1
Store-Theodore AL,AL,11/18/2020,3690.64,"Mobile, AL Metro Area",DC-1
Store-Theodore AL,AL,11/19/2020,2827.01,"Mobile, AL Metro Area",DC-1
Store-Theodore AL,AL,11/20/2020,1600.72,"Mobile, AL Metro Area",DC-1
Store-Theodore AL,AL,11/23/2020,2994.29,"Mobile, AL Metro Area",DC-1
Store-Theodore AL,AL,11/24/2020,2860.30,"Mobile, AL Metro Area",DC-1
Store-Theodore AL,AL,11/25/2020,2362.69,"Mobile, AL Metro Area",DC-1
Store-Theodore AL,AL,11/30/2020,1106.08,"Mobile, AL Metro Area",DC-1
Store-Theodore AL,AL,12/1/2020,3788.02,"Mobile, AL Metro Area",DC-1
Store-Theodore AL,AL,12/2/2020,4072.67,"Mobile, AL Metro Area",DC-1
Store-Theodore AL,AL,12/3/2020,2076.72,"Mobile, AL Metro Area",DC-1
Store-Theodore AL,AL,12/4/2020,2952.91,"Mobile, AL Metro Area",DC-1
Store-Theodore AL,AL,12/7/2020,2155.58,"Mobile, AL Metro Area",DC-1
Store-Theodore AL,AL,12/8/2020,3896.74,"Mobile, AL Metro Area",DC-1
Store-Theodore AL,AL,12/9/2020,3963.73,"Mobile, AL Metro Area",DC-1
Store-Theodore AL,AL,12/10/2020,1636.63,"Mobile, AL Metro Area",DC-1
Store-Theodore AL,AL,12/11/2020,1024.20,"Mobile, AL Metro Area",DC-1
Store-Theodore AL,AL,12/14/2020,3484.08,"Mobile, AL Metro Area",DC-1
Store-Theodore AL,AL,12/15/2020,2316.96,"Mobile, AL Metro Area",DC-1
Store-Theodore AL,AL,12/16/2020,5526.13,"Mobile, AL Metro Area",DC-1
Store-Theodore AL,AL,12/17/2020,3166.33,"Mobile, AL Metro Area",DC-1
Store-Theodore AL,AL,12/18/2020,1300.96,"Mobile, AL Metro Area",DC-1
Store-Theodore AL,AL,12/21/2020,3897.48,"Mobile, AL Metro Area",DC-1
Store-Theodore AL,AL,12/22/2020,2812.25,"Mobile, AL Metro Area",DC-1
Store-Theodore AL,AL,12/23/2020,2154.43,"Mobile, AL Metro Area",DC-1
Store-Theodore AL,AL,12/28/2020,2141.05,"Mobile, AL Metro Area",DC-1
Store-Theodore AL,AL,12/29/2020,3570.41,"Mobile, AL Metro Area",DC-1
Store-Theodore AL,AL,12/30/2020,1341.31,"Mobile, AL Metro Area",DC-1
Store-Theodore AL,AL,12/31/2020,593.91,"Mobile, AL Metro Area",DC-1
Store-Theodore AL,AL,1/4/2021,1699.80,"Mobile, AL Metro Area",DC-1
Store-Theodore AL,AL,1/5/2021,5749.24,"Mobile, AL Metro Area",DC-1
Store-Theodore AL,AL,1/6/2021,5281.43,"Mobile, AL Metro Area",DC-1
Store-Theodore AL,AL,1/7/2021,3205.58,"Mobile, AL Metro Area",DC-1
Store-Theodore AL,AL,1/8/2021,2344.84,"Mobile, AL Metro Area",DC-1
Store-Theodore AL,AL,1/11/2021,1746.98,"Mobile, AL Metro Area",DC-1
Store-Theodore AL,AL,1/12/2021,4829.62,"Mobile, AL Metro Area",DC-1
Store-Theodore AL,AL,1/13/2021,1774.96,"Mobile, AL Metro Area",DC-1
Store-Theodore AL,AL,1/14/2021,4801.82,"Mobile, AL Metro Area",DC-1
Store-Theodore AL,AL,1/15/2021,837.61,"Mobile, AL Metro Area",DC-1
Store-Theodore AL,AL,1/18/2021,1711.55,"Mobile, AL Metro Area",DC-1
Store-Theodore AL,AL,1/19/2021,5614.53,"Mobile, AL Metro Area",DC-1
Store-Theodore AL,AL,1/20/2021,2105.12,"Mobile, AL Metro Area",DC-1
Store-Theodore AL,AL,1/21/2021,3252.58,"Mobile, AL Metro Area",DC-1
Store-Theodore AL,AL,1/22/2021,3028.81,"Mobile, AL Metro Area",DC-1
Store-Theodore AL,AL,1/25/2021,1371.33,"Mobile, AL Metro Area",DC-1
Store-Theodore AL,AL,1/26/2021,2872.28,"Mobile, AL Metro Area",DC-1
Store-Theodore AL,AL,1/27/2021,801.67,"Mobile, AL Metro Area",DC-1
Store-Theodore AL,AL,1/28/2021,1480.91,"Mobile, AL Metro Area",DC-1
Store-Theodore AL,AL,1/29/2021,1226.19,"Mobile, AL Metro Area",DC-1
Store-Theodore AL,AL,2/1/2021,6291.59,"Mobile, AL Metro Area",DC-1
Store-Theodore AL,AL,2/2/2021,2408.92,"Mobile, AL Metro Area",DC-1
Store-Theodore AL,AL,2/3/2021,2450.62,"Mobile, AL Metro Area",DC-1
Store-Theodore AL,AL,2/4/2021,2192.50,"Mobile, AL Metro Area",DC-1
Store-Theodore AL,AL,2/5/2021,1006.26,"Mobile, AL Metro Area",DC-1
Store-Theodore AL,AL,2/8/2021,2908.49,"Mobile, AL Metro Area",DC-1
Store-Theodore AL,AL,2/9/2021,7036.28,"Mobile, AL Metro Area",DC-1
Store-Theodore AL,AL,2/10/2021,1028.86,"Mobile, AL Metro Area",DC-1
Store-Theodore AL,AL,2/11/2021,3332.97,"Mobile, AL Metro Area",DC-1
Store-Theodore AL,AL,2/12/2021,643.25,"Mobile, AL Metro Area",DC-1
Store-Theodore AL,AL,2/15/2021,1669.25,"Mobile, AL Metro Area",DC-1
Store-Theodore AL,AL,2/16/2021,4804.50,"Mobile, AL Metro Area",DC-1
Store-Theodore AL,AL,2/17/2021,710.15,"Mobile, AL Metro Area",DC-1
Store-Theodore AL,AL,2/18/2021,2375.68,"Mobile, AL Metro Area",DC-1
Store-Theodore AL,AL,2/19/2021,1461.60,"Mobile, AL Metro Area",DC-1
Store-Theodore AL,AL,2/22/2021,6393.36,"Mobile, AL Metro Area",DC-1
Store-Theodore AL,AL,2/23/2021,3459.25,"Mobile, AL Metro Area",DC-1
Store-Theodore AL,AL,2/24/2021,5089.37,"Mobile, AL Metro Area",DC-1
Store-Theodore AL,AL,2/25/2021,2348.16,"Mobile, AL Metro Area",DC-1
Store-Theodore AL,AL,2/26/2021,787.85,"Mobile, AL Metro Area",DC-1
Store-Theodore AL,AL,3/1/2021,904.33,"Mobile, AL Metro Area",DC-1
Store-Theodore AL,AL,3/2/2021,4126.12,"Mobile, AL Metro Area",DC-1
Store-Theodore AL,AL,3/3/2021,839.50,"Mobile, AL Metro Area",DC-1
Store-Theodore AL,AL,3/4/2021,2940.91,"Mobile, AL Metro Area",DC-1
Store-Theodore AL,AL,3/5/2021,5485.51,"Mobile, AL Metro Area",DC-1
Store-Theodore AL,AL,3/8/2021,1545.55,"Mobile, AL Metro Area",DC-1
Store-Theodore AL,AL,3/9/2021,3835.58,"Mobile, AL Metro Area",DC-1
Store-Theodore AL,AL,3/10/2021,1691.27,"Mobile, AL Metro Area",DC-1
Store-Theodore AL,AL,3/11/2021,2822.00,"Mobile, AL Metro Area",DC-1
Store-Theodore AL,AL,3/12/2021,1007.23,"Mobile, AL Metro Area",DC-1
Store-Theodore AL,AL,3/15/2021,1832.51,"Mobile, AL Metro Area",DC-1
Store-Theodore AL,AL,3/16/2021,3308.26,"Mobile, AL Metro Area",DC-1
Store-Theodore AL,AL,3/17/2021,2662.51,"Mobile, AL Metro Area",DC-1
Store-Theodore AL,AL,3/18/2021,5016.87,"Mobile, AL Metro Area",DC-1
Store-Theodore AL,AL,3/19/2021,3031.48,"Mobile, AL Metro Area",DC-1
Store-Theodore AL,AL,3/22/2021,3386.65,"Mobile, AL Metro Area",DC-1
Store-Theodore AL,AL,3/23/2021,2636.46,"Mobile, AL Metro Area",DC-1
Store-Theodore AL,AL,3/24/2021,3798.39,"Mobile, AL Metro Area",DC-1
Store-Theodore AL,AL,3/25/2021,767.95,"Mobile, AL Metro Area",DC-1
Store-Theodore AL,AL,3/26/2021,1813.21,"Mobile, AL Metro Area",DC-1
Store-Theodore AL,AL,3/29/2021,1629.22,"Mobile, AL Metro Area",DC-1
Store-Theodore AL,AL,3/30/2021,6650.65,"Mobile, AL Metro Area",DC-1
Store-Theodore AL,AL,3/31/2021,2630.68,"Mobile, AL Metro Area",DC-1
Store-Theodore AL,AL,4/1/2021,5650.14,"Mobile, AL Metro Area",DC-1
Store-Theodore AL,AL,4/2/2021,1284.54,"Mobile, AL Metro Area",DC-1
Store-Theodore AL,AL,4/5/2021,2275.93,"Mobile, AL Metro Area",DC-1
Store-Theodore AL,AL,4/6/2021,2887.64,"Mobile, AL Metro Area",DC-1
Store-Theodore AL,AL,4/7/2021,2605.85,"Mobile, AL Metro Area",DC-1
Store-Theodore AL,AL,4/8/2021,2128.01,"Mobile, AL Metro Area",DC-1
Store-Theodore AL,AL,4/9/2021,846.11,"Mobile, AL Metro Area",DC-1
Store-Theodore AL,AL,4/12/2021,2488.26,"Mobile, AL Metro Area",DC-1
Store-Theodore AL,AL,4/13/2021,5042.94,"Mobile, AL Metro Area",DC-1
Store-Theodore AL,AL,4/14/2021,3504.16,"Mobile, AL Metro Area",DC-1
Store-Theodore AL,AL,4/15/2021,1859.44,"Mobile, AL Metro Area",DC-1
Store-Theodore AL,AL,4/16/2021,1261.07,"Mobile, AL Metro Area",DC-1
Store-Theodore AL,AL,4/19/2021,6953.89,"Mobile, AL Metro Area",DC-1
Store-Theodore AL,AL,4/20/2021,3278.83,"Mobile, AL Metro Area",DC-1
Store-Theodore AL,AL,4/21/2021,1806.55,"Mobile, AL Metro Area",DC-1
Store-Theodore AL,AL,4/22/2021,5080.77,"Mobile, AL Metro Area",DC-1
Store-Theodore AL,AL,4/23/2021,2331.82,"Mobile, AL Metro Area",DC-1
Store-Theodore AL,AL,4/26/2021,1827.10,"Mobile, AL Metro Area",DC-1
Store-Theodore AL,AL,4/27/2021,8587.19,"Mobile, AL Metro Area",DC-1
Store-Theodore AL,AL,4/28/2021,1189.15,"Mobile, AL Metro Area",DC-1
Store-Theodore AL,AL,4/29/2021,6458.04,"Mobile, AL Metro Area",DC-1
Store-Theodore AL,AL,4/30/2021,1717.01,"Mobile, AL Metro Area",DC-1
Store-Theodore AL,AL,5/3/2021,4450.04,"Mobile, AL Metro Area",DC-1
Store-Theodore AL,AL,5/4/2021,1888.59,"Mobile, AL Metro Area",DC-1
Store-Theodore AL,AL,5/5/2021,2759.93,"Mobile, AL Metro Area",DC-1
Store-Theodore AL,AL,5/6/2021,3452.15,"Mobile, AL Metro Area",DC-1
Store-Theodore AL,AL,5/7/2021,1864.85,"Mobile, AL Metro Area",DC-1
Store-Theodore AL,AL,5/10/2021,1253.18,"Mobile, AL Metro Area",DC-1
Store-Theodore AL,AL,5/11/2021,2878.46,"Mobile, AL Metro Area",DC-1
Store-Theodore AL,AL,5/12/2021,2713.79,"Mobile, AL Metro Area",DC-1
Store-Theodore AL,AL,5/13/2021,3178.21,"Mobile, AL Metro Area",DC-1
Store-Theodore AL,AL,5/14/2021,2039.82,"Mobile, AL Metro Area",DC-1
Store-Theodore AL,AL,5/17/2021,1882.76,"Mobile, AL Metro Area",DC-1
Store-Theodore AL,AL,5/18/2021,4257.70,"Mobile, AL Metro Area",DC-1
Store-Theodore AL,AL,5/19/2021,2314.33,"Mobile, AL Metro Area",DC-1
Store-Theodore AL,AL,5/20/2021,2605.59,"Mobile, AL Metro Area",DC-1
Store-Theodore AL,AL,5/21/2021,2038.57,"Mobile, AL Metro Area",DC-1
Store-Theodore AL,AL,5/24/2021,3184.11,"Mobile, AL Metro Area",DC-1
Store-Theodore AL,AL,5/25/2021,2367.80,"Mobile, AL Metro Area",DC-1
Store-Theodore AL,AL,5/26/2021,3409.18,"Mobile, AL Metro Area",DC-1
Store-Theodore AL,AL,5/27/2021,1903.44,"Mobile, AL Metro Area",DC-1
Store-Theodore AL,AL,5/28/2021,2349.02,"Mobile, AL Metro Area",DC-1
Store-Theodore AL,AL,6/1/2021,1191.74,"Mobile, AL Metro Area",DC-1
Store-Theodore AL,AL,6/2/2021,5657.25,"Mobile, AL Metro Area",DC-1
Store-Theodore AL,AL,6/3/2021,2650.87,"Mobile, AL Metro Area",DC-1
Store-Theodore AL,AL,6/4/2021,1725.73,"Mobile, AL Metro Area",DC-1
Store-Theodore AL,AL,6/7/2021,5319.72,"Mobile, AL Metro Area",DC-1
Store-Theodore AL,AL,6/8/2021,1849.38,"Mobile, AL Metro Area",DC-1
Store-Theodore AL,AL,6/9/2021,746.82,"Mobile, AL Metro Area",DC-1
Store-Theodore AL,AL,6/10/2021,2289.55,"Mobile, AL Metro Area",DC-1
Store-Theodore AL,AL,6/11/2021,835.25,"Mobile, AL Metro Area",DC-1
Store-Theodore AL,AL,6/14/2021,2573.91,"Mobile, AL Metro Area",DC-1
Store-Theodore AL,AL,6/15/2021,4820.02,"Mobile, AL Metro Area",DC-1
Store-Theodore AL,AL,6/16/2021,8004.64,"Mobile, AL Metro Area",DC-1
Store-Theodore AL,AL,6/17/2021,2422.77,"Mobile, AL Metro Area",DC-1
Store-Theodore AL,AL,6/18/2021,1914.43,"Mobile, AL Metro Area",DC-1
Store-Theodore AL,AL,6/21/2021,3946.48,"Mobile, AL Metro Area",DC-1
Store-Theodore AL,AL,6/22/2021,3575.51,"Mobile, AL Metro Area",DC-1
Store-Theodore AL,AL,6/23/2021,3729.02,"Mobile, AL Metro Area",DC-1
Store-Theodore AL,AL,6/24/2021,2942.77,"Mobile, AL Metro Area",DC-1
Store-Theodore AL,AL,6/25/2021,2484.00,"Mobile, AL Metro Area",DC-1
Store-Theodore AL,AL,6/28/2021,5050.24,"Mobile, AL Metro Area",DC-1
Store-Theodore AL,AL,6/29/2021,4475.92,"Mobile, AL Metro Area",DC-1
Store-Theodore AL,AL,6/30/2021,7073.76,"Mobile, AL Metro Area",DC-1
Store-Theodore AL,AL,7/1/2021,2670.98,"Mobile, AL Metro Area",DC-1
Store-Theodore AL,AL,7/2/2021,2993.75,"Mobile, AL Metro Area",DC-1
Store-Theodore AL,AL,7/6/2021,1878.50,"Mobile, AL Metro Area",DC-1
Store-Theodore AL,AL,7/7/2021,2396.49,"Mobile, AL Metro Area",DC-1
Store-Theodore AL,AL,7/8/2021,2526.96,"Mobile, AL Metro Area",DC-1
Store-Theodore AL,AL,7/9/2021,2029.97,"Mobile, AL Metro Area",DC-1
Store-Theodore AL,AL,7/12/2021,2735.86,"Mobile, AL Metro Area",DC-1
Store-Theodore AL,AL,7/13/2021,2922.89,"Mobile, AL Metro Area",DC-1
Store-Theodore AL,AL,7/14/2021,5175.00,"Mobile, AL Metro Area",DC-1
Store-Theodore AL,AL,7/15/2021,4056.68,"Mobile, AL Metro Area",DC-1
Store-Theodore AL,AL,7/16/2021,1817.81,"Mobile, AL Metro Area",DC-1
Store-Theodore AL,AL,7/19/2021,2573.67,"Mobile, AL Metro Area",DC-1
Store-Theodore AL,AL,7/20/2021,1682.55,"Mobile, AL Metro Area",DC-1
Store-Theodore AL,AL,7/21/2021,3898.26,"Mobile, AL Metro Area",DC-1
Store-Theodore AL,AL,7/22/2021,6495.92,"Mobile, AL Metro Area",DC-1
Store-Theodore AL,AL,7/23/2021,2357.79,"Mobile, AL Metro Area",DC-1
Store-Theodore AL,AL,7/26/2021,2221.10,"Mobile, AL Metro Area",DC-1
Store-Theodore AL,AL,7/27/2021,7475.35,"Mobile, AL Metro Area",DC-1
Store-Theodore AL,AL,7/28/2021,6133.28,"Mobile, AL Metro Area",DC-1
Store-Theodore AL,AL,7/29/2021,2544.20,"Mobile, AL Metro Area",DC-1
Store-Theodore AL,AL,7/30/2021,3348.30,"Mobile, AL Metro Area",DC-1
Store-Theodore AL,AL,8/2/2021,2884.32,"Mobile, AL Metro Area",DC-1
Store-Theodore AL,AL,8/3/2021,7114.61,"Mobile, AL Metro Area",DC-1
Store-Theodore AL,AL,8/4/2021,2408.63,"Mobile, AL Metro Area",DC-1
Store-Theodore AL,AL,8/5/2021,2471.17,"Mobile, AL Metro Area",DC-1
Store-Theodore AL,AL,8/6/2021,1100.40,"Mobile, AL Metro Area",DC-1
Store-Theodore AL,AL,8/9/2021,5988.20,"Mobile, AL Metro Area",DC-1
Store-Theodore AL,AL,8/10/2021,3100.10,"Mobile, AL Metro Area",DC-1
Store-Theodore AL,AL,8/11/2021,2294.43,"Mobile, AL Metro Area",DC-1
Store-Theodore AL,AL,8/12/2021,4908.23,"Mobile, AL Metro Area",DC-1
Store-Theodore AL,AL,8/13/2021,4164.91,"Mobile, AL Metro Area",DC-1
Store-Theodore AL,AL,8/16/2021,1813.23,"Mobile, AL Metro Area",DC-1
Store-Theodore AL,AL,8/17/2021,3393.95,"Mobile, AL Metro Area",DC-1
Store-Theodore AL,AL,8/18/2021,2861.71,"Mobile, AL Metro Area",DC-1
Store-Theodore AL,AL,8/19/2021,8043.77,"Mobile, AL Metro Area",DC-1
Store-Theodore AL,AL,8/20/2021,2438.43,"Mobile, AL Metro Area",DC-1
Store-Theodore AL,AL,8/23/2021,2294.67,"Mobile, AL Metro Area",DC-1
Store-Theodore AL,AL,8/24/2021,5291.82,"Mobile, AL Metro Area",DC-1
Store-Theodore AL,AL,8/25/2021,1316.36,"Mobile, AL Metro Area",DC-1
Store-Theodore AL,AL,8/26/2021,3875.45,"Mobile, AL Metro Area",DC-1
Store-Theodore AL,AL,8/27/2021,1232.63,"Mobile, AL Metro Area",DC-1
Store-Theodore AL,AL,8/30/2021,1763.90,"Mobile, AL Metro Area",DC-1
Store-Theodore AL,AL,8/31/2021,9298.97,"Mobile, AL Metro Area",DC-1
Store-Theodore AL,AL,9/1/2021,5530.47,"Mobile, AL Metro Area",DC-1
Store-Theodore AL,AL,9/2/2021,2443.08,"Mobile, AL Metro Area",DC-1
Store-Theodore AL,AL,9/3/2021,1086.71,"Mobile, AL Metro Area",DC-1
Store-Theodore AL,AL,9/7/2021,1661.28,"Mobile, AL Metro Area",DC-1
Store-Theodore AL,AL,9/8/2021,1410.53,"Mobile, AL Metro Area",DC-1
Store-Theodore AL,AL,9/9/2021,1715.52,"Mobile, AL Metro Area",DC-1
Store-Theodore AL,AL,9/10/2021,1944.25,"Mobile, AL Metro Area",DC-1
Store-Theodore AL,AL,9/13/2021,1847.13,"Mobile, AL Metro Area",DC-1
Store-Theodore AL,AL,9/14/2021,3143.10,"Mobile, AL Metro Area",DC-1
Store-Theodore AL,AL,9/15/2021,3693.37,"Mobile, AL Metro Area",DC-1
Store-Theodore AL,AL,9/16/2021,6184.45,"Mobile, AL Metro Area",DC-1
Store-Theodore AL,AL,9/17/2021,5843.37,"Mobile, AL Metro Area",DC-1
Store-Theodore AL,AL,9/20/2021,1932.30,"Mobile, AL Metro Area",DC-1
Store-Theodore AL,AL,9/21/2021,2917.28,"Mobile, AL Metro Area",DC-1
Store-Theodore AL,AL,9/22/2021,2822.04,"Mobile, AL Metro Area",DC-1
Store-Theodore AL,AL,9/23/2021,4251.38,"Mobile, AL Metro Area",DC-1
Store-Theodore AL,AL,9/24/2021,1800.56,"Mobile, AL Metro Area",DC-1
Store-Theodore AL,AL,9/27/2021,1528.76,"Mobile, AL Metro Area",DC-1
Store-Theodore AL,AL,9/28/2021,3499.01,"Mobile, AL Metro Area",DC-1
Store-Theodore AL,AL,9/29/2021,4735.19,"Mobile, AL Metro Area",DC-1
Store-Theodore AL,AL,9/30/2021,3801.63,"Mobile, AL Metro Area",DC-1
Store-Theodore AL,AL,10/1/2021,5843.12,"Mobile, AL Metro Area",DC-1
Store-Theodore AL,AL,10/4/2021,2732.98,"Mobile, AL Metro Area",DC-1
Store-Theodore AL,AL,10/5/2021,4503.15,"Mobile, AL Metro Area",DC-1
Store-Theodore AL,AL,10/6/2021,2421.65,"Mobile, AL Metro Area",DC-1
Store-Theodore AL,AL,10/7/2021,2694.67,"Mobile, AL Metro Area",DC-1
Store-Theodore AL,AL,10/8/2021,1206.06,"Mobile, AL Metro Area",DC-1
Store-Theodore AL,AL,10/11/2021,7644.93,"Mobile, AL Metro Area",DC-1
Store-Theodore AL,AL,10/12/2021,3667.24,"Mobile, AL Metro Area",DC-1
Store-Theodore AL,AL,10/13/2021,1983.22,"Mobile, AL Metro Area",DC-1
Store-Theodore AL,AL,10/14/2021,2716.15,"Mobile, AL Metro Area",DC-1
Store-Theodore AL,AL,10/15/2021,1326.17,"Mobile, AL Metro Area",DC-1
Store-Theodore AL,AL,10/18/2021,5315.18,"Mobile, AL Metro Area",DC-1
Store-Theodore AL,AL,10/19/2021,2302.63,"Mobile, AL Metro Area",DC-1
Store-Theodore AL,AL,10/20/2021,1978.44,"Mobile, AL Metro Area",DC-1
Store-Theodore AL,AL,10/21/2021,1343.11,"Mobile, AL Metro Area",DC-1
Store-Theodore AL,AL,10/22/2021,1225.00,"Mobile, AL Metro Area",DC-1
Store-Theodore AL,AL,10/25/2021,3242.62,"Mobile, AL Metro Area",DC-1
Store-Theodore AL,AL,10/26/2021,3023.99,"Mobile, AL Metro Area",DC-1
Store-Theodore AL,AL,10/27/2021,4433.66,"Mobile, AL Metro Area",DC-1
Store-Theodore AL,AL,10/28/2021,2335.59,"Mobile, AL Metro Area",DC-1
Store-Theodore AL,AL,10/29/2021,1325.23,"Mobile, AL Metro Area",DC-1
Store-Theodore AL,AL,11/1/2021,3775.43,"Mobile, AL Metro Area",DC-1
Store-Theodore AL,AL,11/2/2021,8073.53,"Mobile, AL Metro Area",DC-1
Store-Theodore AL,AL,11/3/2021,3563.53,"Mobile, AL Metro Area",DC-1
Store-Theodore AL,AL,11/4/2021,3042.73,"Mobile, AL Metro Area",DC-1
Store-Theodore AL,AL,11/5/2021,6289.69,"Mobile, AL Metro Area",DC-1
Store-Theodore AL,AL,11/8/2021,3562.36,"Mobile, AL Metro Area",DC-1
Store-Theodore AL,AL,11/9/2021,1216.39,"Mobile, AL Metro Area",DC-1
Store-Theodore AL,AL,11/10/2021,2708.48,"Mobile, AL Metro Area",DC-1
Store-Theodore AL,AL,11/11/2021,1949.31,"Mobile, AL Metro Area",DC-1
Store-Theodore AL,AL,11/12/2021,987.49,"Mobile, AL Metro Area",DC-1
Store-Theodore AL,AL,11/15/2021,3526.73,"Mobile, AL Metro Area",DC-1
Store-Theodore AL,AL,11/16/2021,5490.37,"Mobile, AL Metro Area",DC-1
Store-Theodore AL,AL,11/17/2021,2397.58,"Mobile, AL Metro Area",DC-1
Store-Theodore AL,AL,11/18/2021,3031.69,"Mobile, AL Metro Area",DC-1
Store-Theodore AL,AL,11/19/2021,1351.80,"Mobile, AL Metro Area",DC-1
Store-Theodore AL,AL,11/22/2021,816.17,"Mobile, AL Metro Area",DC-1
Store-Theodore AL,AL,11/23/2021,2495.08,"Mobile, AL Metro Area",DC-1
Store-Theodore AL,AL,11/24/2021,2197.88,"Mobile, AL Metro Area",DC-1
Store-Theodore AL,AL,11/29/2021,3468.82,"Mobile, AL Metro Area",DC-1
Store-Theodore AL,AL,11/30/2021,7602.98,"Mobile, AL Metro Area",DC-1
Store-Theodore AL,AL,12/1/2021,3099.03,"Mobile, AL Metro Area",DC-1
Store-Theodore AL,AL,12/2/2021,4032.40,"Mobile, AL Metro Area",DC-1
Store-Theodore AL,AL,12/3/2021,1217.92,"Mobile, AL Metro Area",DC-1
Store-Theodore AL,AL,12/6/2021,1726.62,"Mobile, AL Metro Area",DC-1
Store-Theodore AL,AL,12/7/2021,2534.33,"Mobile, AL Metro Area",DC-1
Store-Theodore AL,AL,12/8/2021,2353.83,"Mobile, AL Metro Area",DC-1
Store-Theodore AL,AL,12/9/2021,4807.35,"Mobile, AL Metro Area",DC-1
Store-Theodore AL,AL,12/10/2021,2027.62,"Mobile, AL Metro Area",DC-1
Store-Theodore AL,AL,12/13/2021,5230.05,"Mobile, AL Metro Area",DC-1
Store-Theodore AL,AL,12/14/2021,5348.95,"Mobile, AL Metro Area",DC-1
Store-Theodore AL,AL,12/15/2021,1533.75,"Mobile, AL Metro Area",DC-1
Store-Theodore AL,AL,12/16/2021,1190.27,"Mobile, AL Metro Area",DC-1
Store-Theodore AL,AL,12/17/2021,214.31,"Mobile, AL Metro Area",DC-1
Store-Theodore AL,AL,12/20/2021,2914.60,"Mobile, AL Metro Area",DC-1
Store-Theodore AL,AL,12/21/2021,5821.08,"Mobile, AL Metro Area",DC-1
Store-Theodore AL,AL,12/22/2021,2556.80,"Mobile, AL Metro Area",DC-1
Store-Theodore AL,AL,12/27/2021,584.09,"Mobile, AL Metro Area",DC-1
Store-Theodore AL,AL,12/28/2021,3239.74,"Mobile, AL Metro Area",DC-1
Store-Theodore AL,AL,12/29/2021,5543.01,"Mobile, AL Metro Area",DC-1
Store-Theodore AL,AL,12/30/2021,2141.70,"Mobile, AL Metro Area",DC-1
Store-Bogart GA,GA,1/2/2020,4108.79,,DC-1
Store-Bogart GA,GA,1/2/2020,2245.20,"Athens-Clarke County, GA Metro Area",DC-1
Store-Bogart GA,GA,1/3/2020,1751.48,,DC-1
Store-Bogart GA,GA,1/3/2020,347.20,"Athens-Clarke County, GA Metro Area",DC-1
Store-Bogart GA,GA,1/6/2020,10651.18,,DC-1
Store-Bogart GA,GA,1/6/2020,4348.48,"Athens-Clarke County, GA Metro Area",DC-1
Store-Bogart GA,GA,1/7/2020,6024.69,,DC-1
Store-Bogart GA,GA,1/7/2020,1652.03,"Athens-Clarke County, GA Metro Area",DC-1
Store-Bogart GA,GA,1/8/2020,4599.60,,DC-1
Store-Bogart GA,GA,1/8/2020,212.15,"Athens-Clarke County, GA Metro Area",DC-1
Store-Bogart GA,GA,1/9/2020,4673.25,,DC-1
Store-Bogart GA,GA,1/9/2020,963.84,"Athens-Clarke County, GA Metro Area",DC-1
Store-Bogart GA,GA,1/10/2020,2296.26,,DC-1
Store-Bogart GA,GA,1/10/2020,850.20,"Athens-Clarke County, GA Metro Area",DC-1
Store-Bogart GA,GA,1/13/2020,10184.42,,DC-1
Store-Bogart GA,GA,1/13/2020,725.37,"Athens-Clarke County, GA Metro Area",DC-1
Store-Bogart GA,GA,1/14/2020,6097.65,,DC-1
Store-Bogart GA,GA,1/14/2020,1101.38,"Athens-Clarke County, GA Metro Area",DC-1
Store-Bogart GA,GA,1/15/2020,6241.02,,DC-1
Store-Bogart GA,GA,1/15/2020,465.71,"Athens-Clarke County, GA Metro Area",DC-1
Store-Bogart GA,GA,1/16/2020,6196.74,,DC-1
Store-Bogart GA,GA,1/16/2020,666.18,"Athens-Clarke County, GA Metro Area",DC-1
Store-Bogart GA,GA,1/17/2020,2512.84,"Athens-Clarke County, GA Metro Area",DC-1
Store-Bogart GA,GA,1/20/2020,3932.04,"Athens-Clarke County, GA Metro Area",DC-1
Store-Bogart GA,GA,1/21/2020,4899.96,,DC-1
Store-Bogart GA,GA,1/21/2020,123.32,"Athens-Clarke County, GA Metro Area",DC-1
Store-Bogart GA,GA,1/22/2020,13005.02,,DC-1
Store-Bogart GA,GA,1/22/2020,1131.28,"Athens-Clarke County, GA Metro Area",DC-1
Store-Bogart GA,GA,1/23/2020,4608.30,,DC-1
Store-Bogart GA,GA,1/23/2020,1405.70,"Athens-Clarke County, GA Metro Area",DC-1
Store-Bogart GA,GA,1/24/2020,2484.25,,DC-1
Store-Bogart GA,GA,1/24/2020,612.07,"Athens-Clarke County, GA Metro Area",DC-1
Store-Bogart GA,GA,1/27/2020,9266.25,,DC-1
Store-Bogart GA,GA,1/27/2020,492.54,"Athens-Clarke County, GA Metro Area",DC-1
Store-Bogart GA,GA,1/28/2020,7621.10,,DC-1
Store-Bogart GA,GA,1/28/2020,99.80,"Athens-Clarke County, GA Metro Area",DC-1
Store-Bogart GA,GA,1/29/2020,3736.65,,DC-1
Store-Bogart GA,GA,1/29/2020,718.06,"Athens-Clarke County, GA Metro Area",DC-1
Store-Bogart GA,GA,1/30/2020,5161.83,,DC-1
Store-Bogart GA,GA,1/30/2020,479.14,"Athens-Clarke County, GA Metro Area",DC-1
Store-Bogart GA,GA,1/31/2020,2688.85,,DC-1
Store-Bogart GA,GA,1/31/2020,696.17,"Athens-Clarke County, GA Metro Area",DC-1
Store-Bogart GA,GA,2/3/2020,11707.89,,DC-1
Store-Bogart GA,GA,2/3/2020,2788.27,"Athens-Clarke County, GA Metro Area",DC-1
Store-Bogart GA,GA,2/4/2020,6528.29,,DC-1
Store-Bogart GA,GA,2/4/2020,3774.26,"Athens-Clarke County, GA Metro Area",DC-1
Store-Bogart GA,GA,2/5/2020,4814.53,,DC-1
Store-Bogart GA,GA,2/5/2020,1345.59,"Athens-Clarke County, GA Metro Area",DC-1
Store-Bogart GA,GA,2/6/2020,4241.21,,DC-1
Store-Bogart GA,GA,2/6/2020,282.43,"Athens-Clarke County, GA Metro Area",DC-1
Store-Bogart GA,GA,2/7/2020,2470.93,,DC-1
Store-Bogart GA,GA,2/7/2020,874.74,"Athens-Clarke County, GA Metro Area",DC-1
Store-Bogart GA,GA,2/10/2020,10728.38,,DC-1
Store-Bogart GA,GA,2/10/2020,1075.02,"Athens-Clarke County, GA Metro Area",DC-1
Store-Bogart GA,GA,2/11/2020,6560.56,,DC-1
Store-Bogart GA,GA,2/11/2020,503.46,"Athens-Clarke County, GA Metro Area",DC-1
Store-Bogart GA,GA,2/12/2020,5055.62,,DC-1
Store-Bogart GA,GA,2/12/2020,1545.79,"Athens-Clarke County, GA Metro Area",DC-1
Store-Bogart GA,GA,2/13/2020,5009.46,,DC-1
Store-Bogart GA,GA,2/13/2020,1378.86,"Athens-Clarke County, GA Metro Area",DC-1
Store-Bogart GA,GA,2/14/2020,1786.78,,DC-1
Store-Bogart GA,GA,2/14/2020,499.78,"Athens-Clarke County, GA Metro Area",DC-1
Store-Bogart GA,GA,2/17/2020,579.98,"Athens-Clarke County, GA Metro Area",DC-1
Store-Bogart GA,GA,2/18/2020,6892.46,,DC-1
Store-Bogart GA,GA,2/18/2020,891.80,"Athens-Clarke County, GA Metro Area",DC-1
Store-Bogart GA,GA,2/19/2020,8730.17,,DC-1
Store-Bogart GA,GA,2/19/2020,486.95,"Athens-Clarke County, GA Metro Area",DC-1
Store-Bogart GA,GA,2/20/2020,4906.75,,DC-1
Store-Bogart GA,GA,2/20/2020,1262.58,"Athens-Clarke County, GA Metro Area",DC-1
Store-Bogart GA,GA,2/21/2020,2645.64,,DC-1
Store-Bogart GA,GA,2/21/2020,598.33,"Athens-Clarke County, GA Metro Area",DC-1
Store-Bogart GA,GA,2/24/2020,9154.77,,DC-1
Store-Bogart GA,GA,2/24/2020,463.63,"Athens-Clarke County, GA Metro Area",DC-1
Store-Bogart GA,GA,2/25/2020,6539.97,,DC-1
Store-Bogart GA,GA,2/25/2020,1870.62,"Athens-Clarke County, GA Metro Area",DC-1
Store-Bogart GA,GA,2/26/2020,5833.88,,DC-1
Store-Bogart GA,GA,2/26/2020,705.72,"Athens-Clarke County, GA Metro Area",DC-1
Store-Bogart GA,GA,2/27/2020,5146.39,,DC-1
Store-Bogart GA,GA,2/27/2020,1148.64,"Athens-Clarke County, GA Metro Area",DC-1
Store-Bogart GA,GA,2/28/2020,2724.01,,DC-1
Store-Bogart GA,GA,2/28/2020,673.56,"Athens-Clarke County, GA Metro Area",DC-1
Store-Bogart GA,GA,3/2/2020,11086.99,,DC-1
Store-Bogart GA,GA,3/2/2020,2016.60,"Athens-Clarke County, GA Metro Area",DC-1
Store-Bogart GA,GA,3/3/2020,6190.02,,DC-1
Store-Bogart GA,GA,3/3/2020,141.69,"Athens-Clarke County, GA Metro Area",DC-1
Store-Bogart GA,GA,3/4/2020,5516.86,,DC-1
Store-Bogart GA,GA,3/4/2020,502.94,"Athens-Clarke County, GA Metro Area",DC-1
Store-Bogart GA,GA,3/5/2020,4488.25,,DC-1
Store-Bogart GA,GA,3/5/2020,685.15,"Athens-Clarke County, GA Metro Area",DC-1
Store-Bogart GA,GA,3/6/2020,1467.44,,DC-1
Store-Bogart GA,GA,3/6/2020,2688.78,"Athens-Clarke County, GA Metro Area",DC-1
Store-Bogart GA,GA,3/9/2020,11090.43,,DC-1
Store-Bogart GA,GA,3/9/2020,395.86,"Athens-Clarke County, GA Metro Area",DC-1
Store-Bogart GA,GA,3/10/2020,5137.21,,DC-1
Store-Bogart GA,GA,3/10/2020,534.60,"Athens-Clarke County, GA Metro Area",DC-1
Store-Bogart GA,GA,3/11/2020,6780.35,,DC-1
Store-Bogart GA,GA,3/11/2020,377.19,"Athens-Clarke County, GA Metro Area",DC-1
Store-Bogart GA,GA,3/12/2020,5071.78,,DC-1
Store-Bogart GA,GA,3/12/2020,1117.79,"Athens-Clarke County, GA Metro Area",DC-1
Store-Bogart GA,GA,3/13/2020,1719.27,,DC-1
Store-Bogart GA,GA,3/13/2020,164.79,"Athens-Clarke County, GA Metro Area",DC-1
Store-Bogart GA,GA,3/16/2020,8843.32,,DC-1
Store-Bogart GA,GA,3/16/2020,446.05,"Athens-Clarke County, GA Metro Area",DC-1
Store-Bogart GA,GA,3/17/2020,1291.07,,DC-1
Store-Bogart GA,GA,3/17/2020,636.64,"Athens-Clarke County, GA Metro Area",DC-1
Store-Bogart GA,GA,3/18/2020,6377.17,,DC-1
Store-Bogart GA,GA,3/18/2020,642.99,"Athens-Clarke County, GA Metro Area",DC-1
Store-Bogart GA,GA,3/19/2020,509.01,"Athens-Clarke County, GA Metro Area",DC-1
Store-Bogart GA,GA,3/20/2020,12332.02,,DC-1
Store-Bogart GA,GA,3/20/2020,1772.05,"Athens-Clarke County, GA Metro Area",DC-1
Store-Bogart GA,GA,3/23/2020,593.17,"Athens-Clarke County, GA Metro Area",DC-1
Store-Bogart GA,GA,3/24/2020,12685.34,,DC-1
Store-Bogart GA,GA,3/24/2020,231.79,"Athens-Clarke County, GA Metro Area",DC-1
Store-Bogart GA,GA,3/25/2020,5201.16,,DC-1
Store-Bogart GA,GA,3/25/2020,539.63,"Athens-Clarke County, GA Metro Area",DC-1
Store-Bogart GA,GA,3/26/2020,558.91,"Athens-Clarke County, GA Metro Area",DC-1
Store-Bogart GA,GA,3/27/2020,10971.23,,DC-1
Store-Bogart GA,GA,3/27/2020,455.39,"Athens-Clarke County, GA Metro Area",DC-1
Store-Bogart GA,GA,3/30/2020,4955.39,,DC-1
Store-Bogart GA,GA,3/30/2020,601.35,"Athens-Clarke County, GA Metro Area",DC-1
Store-Bogart GA,GA,3/31/2020,3737.35,,DC-1
Store-Bogart GA,GA,3/31/2020,664.84,"Athens-Clarke County, GA Metro Area",DC-1
Store-Bogart GA,GA,4/1/2020,6303.19,,DC-1
Store-Bogart GA,GA,4/1/2020,405.07,"Athens-Clarke County, GA Metro Area",DC-1
Store-Bogart GA,GA,4/2/2020,3215.43,,DC-1
Store-Bogart GA,GA,4/2/2020,1098.36,"Athens-Clarke County, GA Metro Area",DC-1
Store-Bogart GA,GA,4/3/2020,1577.69,,DC-1
Store-Bogart GA,GA,4/3/2020,380.55,"Athens-Clarke County, GA Metro Area",DC-1
Store-Bogart GA,GA,4/6/2020,7611.96,,DC-1
Store-Bogart GA,GA,4/6/2020,55.22,"Athens-Clarke County, GA Metro Area",DC-1
Store-Bogart GA,GA,4/7/2020,3957.04,,DC-1
Store-Bogart GA,GA,4/7/2020,150.35,"Athens-Clarke County, GA Metro Area",DC-1
Store-Bogart GA,GA,4/8/2020,3938.90,,DC-1
Store-Bogart GA,GA,4/8/2020,628.02,"Athens-Clarke County, GA Metro Area",DC-1
Store-Bogart GA,GA,4/9/2020,2212.77,,DC-1
Store-Bogart GA,GA,4/9/2020,205.58,"Athens-Clarke County, GA Metro Area",DC-1
Store-Bogart GA,GA,4/10/2020,806.46,"Athens-Clarke County, GA Metro Area",DC-1
Store-Bogart GA,GA,4/13/2020,6407.22,,DC-1
Store-Bogart GA,GA,4/13/2020,251.98,"Athens-Clarke County, GA Metro Area",DC-1
Store-Bogart GA,GA,4/14/2020,3610.96,,DC-1
Store-Bogart GA,GA,4/14/2020,924.44,"Athens-Clarke County, GA Metro Area",DC-1
Store-Bogart GA,GA,4/15/2020,3085.15,,DC-1
Store-Bogart GA,GA,4/15/2020,135.80,"Athens-Clarke County, GA Metro Area",DC-1
Store-Bogart GA,GA,4/16/2020,2362.28,,DC-1
Store-Bogart GA,GA,4/16/2020,496.74,"Athens-Clarke County, GA Metro Area",DC-1
Store-Bogart GA,GA,4/17/2020,1900.46,,DC-1
Store-Bogart GA,GA,4/17/2020,392.74,"Athens-Clarke County, GA Metro Area",DC-1
Store-Bogart GA,GA,4/20/2020,5583.20,,DC-1
Store-Bogart GA,GA,4/20/2020,860.91,"Athens-Clarke County, GA Metro Area",DC-1
Store-Bogart GA,GA,4/21/2020,5310.35,,DC-1
Store-Bogart GA,GA,4/21/2020,2199.04,"Athens-Clarke County, GA Metro Area",DC-1
Store-Bogart GA,GA,4/22/2020,2945.53,,DC-1
Store-Bogart GA,GA,4/22/2020,228.38,"Athens-Clarke County, GA Metro Area",DC-1
Store-Bogart GA,GA,4/23/2020,1598.50,,DC-1
Store-Bogart GA,GA,4/23/2020,976.08,"Athens-Clarke County, GA Metro Area",DC-1
Store-Bogart GA,GA,4/24/2020,1310.97,,DC-1
Store-Bogart GA,GA,4/24/2020,417.40,"Athens-Clarke County, GA Metro Area",DC-1
Store-Bogart GA,GA,4/27/2020,5914.70,,DC-1
Store-Bogart GA,GA,4/27/2020,1630.47,"Athens-Clarke County, GA Metro Area",DC-1
Store-Bogart GA,GA,4/28/2020,5065.11,,DC-1
Store-Bogart GA,GA,4/28/2020,468.15,"Athens-Clarke County, GA Metro Area",DC-1
Store-Bogart GA,GA,4/29/2020,3258.13,,DC-1
Store-Bogart GA,GA,4/29/2020,2517.02,"Athens-Clarke County, GA Metro Area",DC-1
Store-Bogart GA,GA,4/30/2020,2860.24,,DC-1
Store-Bogart GA,GA,4/30/2020,932.53,"Athens-Clarke County, GA Metro Area",DC-1
Store-Bogart GA,GA,5/1/2020,2799.26,,DC-1
Store-Bogart GA,GA,5/1/2020,1777.52,"Athens-Clarke County, GA Metro Area",DC-1
Store-Bogart GA,GA,5/4/2020,10370.04,,DC-1
Store-Bogart GA,GA,5/4/2020,1185.25,"Athens-Clarke County, GA Metro Area",DC-1
Store-Bogart GA,GA,5/5/2020,3760.25,,DC-1
Store-Bogart GA,GA,5/5/2020,1832.05,"Athens-Clarke County, GA Metro Area",DC-1
Store-Bogart GA,GA,5/6/2020,4866.40,,DC-1
Store-Bogart GA,GA,5/6/2020,890.93,"Athens-Clarke County, GA Metro Area",DC-1
Store-Bogart GA,GA,5/7/2020,3779.29,,DC-1
Store-Bogart GA,GA,5/7/2020,1210.76,"Athens-Clarke County, GA Metro Area",DC-1
Store-Bogart GA,GA,5/11/2020,7093.39,,DC-1
Store-Bogart GA,GA,5/11/2020,773.99,"Athens-Clarke County, GA Metro Area",DC-1
Store-Bogart GA,GA,5/12/2020,6702.84,,DC-1
Store-Bogart GA,GA,5/12/2020,2794.35,"Athens-Clarke County, GA Metro Area",DC-1
Store-Bogart GA,GA,5/13/2020,5057.40,,DC-1
Store-Bogart GA,GA,5/13/2020,519.83,"Athens-Clarke County, GA Metro Area",DC-1
Store-Bogart GA,GA,5/14/2020,1051.54,"Athens-Clarke County, GA Metro Area",DC-1
Store-Bogart GA,GA,5/15/2020,2071.26,"Athens-Clarke County, GA Metro Area",DC-1
Store-Bogart GA,GA,5/18/2020,8014.78,,DC-1
Store-Bogart GA,GA,5/18/2020,1960.35,"Athens-Clarke County, GA Metro Area",DC-1
Store-Bogart GA,GA,5/19/2020,6312.24,,DC-1
Store-Bogart GA,GA,5/19/2020,1252.77,"Athens-Clarke County, GA Metro Area",DC-1
Store-Bogart GA,GA,5/20/2020,5546.84,,DC-1
Store-Bogart GA,GA,5/20/2020,977.47,"Athens-Clarke County, GA Metro Area",DC-1
Store-Bogart GA,GA,5/21/2020,3233.10,,DC-1
Store-Bogart GA,GA,5/21/2020,97.33,"Athens-Clarke County, GA Metro Area",DC-1
Store-Bogart GA,GA,5/22/2020,1506.82,,DC-1
Store-Bogart GA,GA,5/22/2020,694.92,"Athens-Clarke County, GA Metro Area",DC-1
Store-Bogart GA,GA,5/26/2020,3576.78,,DC-1
Store-Bogart GA,GA,5/26/2020,1121.35,"Athens-Clarke County, GA Metro Area",DC-1
Store-Bogart GA,GA,5/27/2020,7507.31,,DC-1
Store-Bogart GA,GA,5/27/2020,1051.64,"Athens-Clarke County, GA Metro Area",DC-1
Store-Bogart GA,GA,5/28/2020,4828.03,,DC-1
Store-Bogart GA,GA,5/28/2020,415.21,"Athens-Clarke County, GA Metro Area",DC-1
Store-Bogart GA,GA,5/29/2020,791.24,,DC-1
Store-Bogart GA,GA,5/29/2020,81.64,"Athens-Clarke County, GA Metro Area",DC-1
Store-Bogart GA,GA,6/1/2020,8646.95,,DC-1
Store-Bogart GA,GA,6/1/2020,1559.85,"Athens-Clarke County, GA Metro Area",DC-1
Store-Bogart GA,GA,6/2/2020,4459.50,,DC-1
Store-Bogart GA,GA,6/2/2020,1747.62,"Athens-Clarke County, GA Metro Area",DC-1
Store-Bogart GA,GA,6/3/2020,4523.45,,DC-1
Store-Bogart GA,GA,6/3/2020,376.17,"Athens-Clarke County, GA Metro Area",DC-1
Store-Bogart GA,GA,6/4/2020,3748.37,,DC-1
Store-Bogart GA,GA,6/4/2020,191.57,"Athens-Clarke County, GA Metro Area",DC-1
Store-Bogart GA,GA,6/5/2020,1452.54,,DC-1
Store-Bogart GA,GA,6/5/2020,51.40,"Athens-Clarke County, GA Metro Area",DC-1
Store-Bogart GA,GA,6/8/2020,8057.86,,DC-1
Store-Bogart GA,GA,6/8/2020,1006.17,"Athens-Clarke County, GA Metro Area",DC-1
Store-Bogart GA,GA,6/9/2020,5662.04,,DC-1
Store-Bogart GA,GA,6/9/2020,227.17,"Athens-Clarke County, GA Metro Area",DC-1
Store-Bogart GA,GA,6/10/2020,5240.20,,DC-1
Store-Bogart GA,GA,6/10/2020,2092.34,"Athens-Clarke County, GA Metro Area",DC-1
Store-Bogart GA,GA,6/11/2020,2292.34,,DC-1
Store-Bogart GA,GA,6/11/2020,1137.84,"Athens-Clarke County, GA Metro Area",DC-1
Store-Bogart GA,GA,6/12/2020,1825.68,,DC-1
Store-Bogart GA,GA,6/12/2020,244.56,"Athens-Clarke County, GA Metro Area",DC-1
Store-Bogart GA,GA,6/15/2020,7756.89,,DC-1
Store-Bogart GA,GA,6/15/2020,1325.79,"Athens-Clarke County, GA Metro Area",DC-1
Store-Bogart GA,GA,6/16/2020,4159.49,,DC-1
Store-Bogart GA,GA,6/16/2020,119.10,"Athens-Clarke County, GA Metro Area",DC-1
Store-Bogart GA,GA,6/17/2020,5249.12,,DC-1
Store-Bogart GA,GA,6/17/2020,1087.08,"Athens-Clarke County, GA Metro Area",DC-1
Store-Bogart GA,GA,6/18/2020,3348.56,,DC-1
Store-Bogart GA,GA,6/18/2020,248.45,"Athens-Clarke County, GA Metro Area",DC-1
Store-Bogart GA,GA,6/19/2020,1781.59,,DC-1
Store-Bogart GA,GA,6/19/2020,337.78,"Athens-Clarke County, GA Metro Area",DC-1
Store-Bogart GA,GA,6/22/2020,8005.52,,DC-1
Store-Bogart GA,GA,6/22/2020,478.27,"Athens-Clarke County, GA Metro Area",DC-1
Store-Bogart GA,GA,6/23/2020,5892.78,,DC-1
Store-Bogart GA,GA,6/23/2020,445.52,"Athens-Clarke County, GA Metro Area",DC-1
Store-Bogart GA,GA,6/24/2020,4262.40,,DC-1
Store-Bogart GA,GA,6/24/2020,958.96,"Athens-Clarke County, GA Metro Area",DC-1
Store-Bogart GA,GA,6/25/2020,3352.78,,DC-1
Store-Bogart GA,GA,6/25/2020,1656.20,"Athens-Clarke County, GA Metro Area",DC-1
Store-Bogart GA,GA,6/26/2020,1633.69,,DC-1
Store-Bogart GA,GA,6/26/2020,406.65,"Athens-Clarke County, GA Metro Area",DC-1
Store-Bogart GA,GA,6/29/2020,7100.92,,DC-1
Store-Bogart GA,GA,6/29/2020,138.15,"Athens-Clarke County, GA Metro Area",DC-1
Store-Bogart GA,GA,6/30/2020,4602.41,,DC-1
Store-Bogart GA,GA,6/30/2020,584.24,"Athens-Clarke County, GA Metro Area",DC-1
Store-Bogart GA,GA,7/1/2020,8057.07,,DC-1
Store-Bogart GA,GA,7/1/2020,1465.94,"Athens-Clarke County, GA Metro Area",DC-1
Store-Bogart GA,GA,7/2/2020,5886.50,,DC-1
Store-Bogart GA,GA,7/2/2020,4038.24,"Athens-Clarke County, GA Metro Area",DC-1
Store-Bogart GA,GA,7/6/2020,9207.70,,DC-1
Store-Bogart GA,GA,7/6/2020,901.40,"Athens-Clarke County, GA Metro Area",DC-1
Store-Bogart GA,GA,7/7/2020,4631.17,,DC-1
Store-Bogart GA,GA,7/7/2020,1021.24,"Athens-Clarke County, GA Metro Area",DC-1
Store-Bogart GA,GA,7/8/2020,5656.56,,DC-1
Store-Bogart GA,GA,7/8/2020,1144.84,"Athens-Clarke County, GA Metro Area",DC-1
Store-Bogart GA,GA,7/9/2020,5543.85,,DC-1
Store-Bogart GA,GA,7/9/2020,370.70,"Athens-Clarke County, GA Metro Area",DC-1
Store-Bogart GA,GA,7/10/2020,2367.57,,DC-1
Store-Bogart GA,GA,7/10/2020,665.17,"Athens-Clarke County, GA Metro Area",DC-1
Store-Bogart GA,GA,7/13/2020,8537.63,,DC-1
Store-Bogart GA,GA,7/13/2020,1440.71,"Athens-Clarke County, GA Metro Area",DC-1
Store-Bogart GA,GA,7/14/2020,5944.65,,DC-1
Store-Bogart GA,GA,7/14/2020,651.96,"Athens-Clarke County, GA Metro Area",DC-1
Store-Bogart GA,GA,7/15/2020,6276.11,,DC-1
Store-Bogart GA,GA,7/15/2020,792.38,"Athens-Clarke County, GA Metro Area",DC-1
Store-Bogart GA,GA,7/16/2020,3156.48,,DC-1
Store-Bogart GA,GA,7/16/2020,439.45,"Athens-Clarke County, GA Metro Area",DC-1
Store-Bogart GA,GA,7/17/2020,1122.73,,DC-1
Store-Bogart GA,GA,7/17/2020,240.57,"Athens-Clarke County, GA Metro Area",DC-1
Store-Bogart GA,GA,7/20/2020,9331.88,,DC-1
Store-Bogart GA,GA,7/20/2020,586.03,"Athens-Clarke County, GA Metro Area",DC-1
Store-Bogart GA,GA,7/21/2020,3581.53,,DC-1
Store-Bogart GA,GA,7/21/2020,322.07,"Athens-Clarke County, GA Metro Area",DC-1
Store-Bogart GA,GA,7/22/2020,7538.02,,DC-1
Store-Bogart GA,GA,7/22/2020,2045.88,"Athens-Clarke County, GA Metro Area",DC-1
Store-Bogart GA,GA,7/23/2020,5037.27,,DC-1
Store-Bogart GA,GA,7/23/2020,1144.50,"Athens-Clarke County, GA Metro Area",DC-1
Store-Bogart GA,GA,7/24/2020,1686.19,,DC-1
Store-Bogart GA,GA,7/24/2020,585.70,"Athens-Clarke County, GA Metro Area",DC-1
Store-Bogart GA,GA,7/27/2020,6894.58,,DC-1
Store-Bogart GA,GA,7/27/2020,1312.69,"Athens-Clarke County, GA Metro Area",DC-1
Store-Bogart GA,GA,7/28/2020,5672.69,,DC-1
Store-Bogart GA,GA,7/28/2020,117.51,"Athens-Clarke County, GA Metro Area",DC-1
Store-Bogart GA,GA,7/29/2020,4130.45,,DC-1
Store-Bogart GA,GA,7/29/2020,1096.41,"Athens-Clarke County, GA Metro Area",DC-1
Store-Bogart GA,GA,7/30/2020,4720.28,,DC-1
Store-Bogart GA,GA,7/30/2020,300.86,"Athens-Clarke County, GA Metro Area",DC-1
Store-Bogart GA,GA,7/31/2020,1718.33,,DC-1
Store-Bogart GA,GA,7/31/2020,1130.72,"Athens-Clarke County, GA Metro Area",DC-1
Store-Bogart GA,GA,8/3/2020,8929.15,,DC-1
Store-Bogart GA,GA,8/3/2020,3600.89,"Athens-Clarke County, GA Metro Area",DC-1
Store-Bogart GA,GA,8/4/2020,6466.34,,DC-1
Store-Bogart GA,GA,8/5/2020,6285.60,,DC-1
Store-Bogart GA,GA,8/5/2020,1001.59,"Athens-Clarke County, GA Metro Area",DC-1
Store-Bogart GA,GA,8/6/2020,5054.17,,DC-1
Store-Bogart GA,GA,8/6/2020,391.01,"Athens-Clarke County, GA Metro Area",DC-1
Store-Bogart GA,GA,8/7/2020,2683.06,,DC-1
Store-Bogart GA,GA,8/7/2020,1155.66,"Athens-Clarke County, GA Metro Area",DC-1
Store-Bogart GA,GA,8/10/2020,10790.59,,DC-1
Store-Bogart GA,GA,8/10/2020,1022.85,"Athens-Clarke County, GA Metro Area",DC-1
Store-Bogart GA,GA,8/11/2020,5155.35,,DC-1
Store-Bogart GA,GA,8/11/2020,354.13,"Athens-Clarke County, GA Metro Area",DC-1
Store-Bogart GA,GA,8/12/2020,6246.96,,DC-1
Store-Bogart GA,GA,8/12/2020,8.50,"Athens-Clarke County, GA Metro Area",DC-1
Store-Bogart GA,GA,8/13/2020,6112.13,,DC-1
Store-Bogart GA,GA,8/13/2020,506.91,"Athens-Clarke County, GA Metro Area",DC-1
Store-Bogart GA,GA,8/14/2020,2335.84,,DC-1
Store-Bogart GA,GA,8/14/2020,1222.10,"Athens-Clarke County, GA Metro Area",DC-1
Store-Bogart GA,GA,8/17/2020,10219.50,,DC-1
Store-Bogart GA,GA,8/17/2020,491.81,"Athens-Clarke County, GA Metro Area",DC-1
Store-Bogart GA,GA,8/18/2020,4866.82,,DC-1
Store-Bogart GA,GA,8/18/2020,918.93,"Athens-Clarke County, GA Metro Area",DC-1
Store-Bogart GA,GA,8/19/2020,4849.41,,DC-1
Store-Bogart GA,GA,8/19/2020,742.83,"Athens-Clarke County, GA Metro Area",DC-1
Store-Bogart GA,GA,8/20/2020,4924.02,,DC-1
Store-Bogart GA,GA,8/20/2020,210.05,"Athens-Clarke County, GA Metro Area",DC-1
Store-Bogart GA,GA,8/21/2020,2276.35,,DC-1
Store-Bogart GA,GA,8/21/2020,757.50,"Athens-Clarke County, GA Metro Area",DC-1
Store-Bogart GA,GA,8/24/2020,8209.69,,DC-1
Store-Bogart GA,GA,8/24/2020,611.45,"Athens-Clarke County, GA Metro Area",DC-1
Store-Bogart GA,GA,8/25/2020,5239.41,,DC-1
Store-Bogart GA,GA,8/25/2020,1701.44,"Athens-Clarke County, GA Metro Area",DC-1
Store-Bogart GA,GA,8/26/2020,6297.41,,DC-1
Store-Bogart GA,GA,8/26/2020,1375.09,"Athens-Clarke County, GA Metro Area",DC-1
Store-Bogart GA,GA,8/27/2020,5390.76,,DC-1
Store-Bogart GA,GA,8/27/2020,1022.29,"Athens-Clarke County, GA Metro Area",DC-1
Store-Bogart GA,GA,8/28/2020,1585.78,,DC-1
Store-Bogart GA,GA,8/28/2020,689.95,"Athens-Clarke County, GA Metro Area",DC-1
Store-Bogart GA,GA,8/31/2020,1418.39,"Athens-Clarke County, GA Metro Area",DC-1
Store-Bogart GA,GA,9/1/2020,5781.21,,DC-1
Store-Bogart GA,GA,9/1/2020,2909.10,"Athens-Clarke County, GA Metro Area",DC-1
Store-Bogart GA,GA,9/2/2020,10087.49,,DC-1
Store-Bogart GA,GA,9/2/2020,80.22,"Athens-Clarke County, GA Metro Area",DC-1
Store-Bogart GA,GA,9/3/2020,4410.91,,DC-1
Store-Bogart GA,GA,9/3/2020,296.79,"Athens-Clarke County, GA Metro Area",DC-1
Store-Bogart GA,GA,9/4/2020,2029.64,,DC-1
Store-Bogart GA,GA,9/4/2020,357.19,"Athens-Clarke County, GA Metro Area",DC-1
Store-Bogart GA,GA,9/8/2020,4677.11,,DC-1
Store-Bogart GA,GA,9/8/2020,828.03,"Athens-Clarke County, GA Metro Area",DC-1
Store-Bogart GA,GA,9/9/2020,6714.38,,DC-1
Store-Bogart GA,GA,9/9/2020,1703.84,"Athens-Clarke County, GA Metro Area",DC-1
Store-Bogart GA,GA,9/10/2020,5170.96,,DC-1
Store-Bogart GA,GA,9/10/2020,292.33,"Athens-Clarke County, GA Metro Area",DC-1
Store-Bogart GA,GA,9/11/2020,1399.03,,DC-1
Store-Bogart GA,GA,9/11/2020,1148.56,"Athens-Clarke County, GA Metro Area",DC-1
Store-Bogart GA,GA,9/14/2020,3291.27,,DC-1
Store-Bogart GA,GA,9/14/2020,190.79,"Athens-Clarke County, GA Metro Area",DC-1
Store-Bogart GA,GA,9/15/2020,4389.18,,DC-1
Store-Bogart GA,GA,9/15/2020,1631.02,"Athens-Clarke County, GA Metro Area",DC-1
Store-Bogart GA,GA,9/16/2020,7178.44,,DC-1
Store-Bogart GA,GA,9/16/2020,91.10,"Athens-Clarke County, GA Metro Area",DC-1
Store-Bogart GA,GA,9/17/2020,4478.11,,DC-1
Store-Bogart GA,GA,9/17/2020,27.48,"Athens-Clarke County, GA Metro Area",DC-1
Store-Bogart GA,GA,9/18/2020,2527.71,,DC-1
Store-Bogart GA,GA,9/18/2020,616.12,"Athens-Clarke County, GA Metro Area",DC-1
Store-Bogart GA,GA,9/21/2020,8141.47,,DC-1
Store-Bogart GA,GA,9/21/2020,734.47,"Athens-Clarke County, GA Metro Area",DC-1
Store-Bogart GA,GA,9/22/2020,4468.46,,DC-1
Store-Bogart GA,GA,9/22/2020,682.20,"Athens-Clarke County, GA Metro Area",DC-1
Store-Bogart GA,GA,9/23/2020,6055.37,,DC-1
Store-Bogart GA,GA,9/23/2020,1488.96,"Athens-Clarke County, GA Metro Area",DC-1
Store-Bogart GA,GA,9/24/2020,5529.96,,DC-1
Store-Bogart GA,GA,9/24/2020,317.05,"Athens-Clarke County, GA Metro Area",DC-1
Store-Bogart GA,GA,9/25/2020,2410.81,,DC-1
Store-Bogart GA,GA,9/25/2020,452.07,"Athens-Clarke County, GA Metro Area",DC-1
Store-Bogart GA,GA,9/28/2020,3162.47,"Athens-Clarke County, GA Metro Area",DC-1
Store-Bogart GA,GA,9/29/2020,4165.94,"Athens-Clarke County, GA Metro Area",DC-1
Store-Bogart GA,GA,9/30/2020,1858.68,"Athens-Clarke County, GA Metro Area",DC-1
Store-Bogart GA,GA,10/1/2020,3879.24,"Athens-Clarke County, GA Metro Area",DC-1
Store-Bogart GA,GA,10/2/2020,1988.33,"Athens-Clarke County, GA Metro Area",DC-1
Store-Bogart GA,GA,10/5/2020,10819.28,,DC-1
Store-Bogart GA,GA,10/5/2020,407.73,"Athens-Clarke County, GA Metro Area",DC-1
Store-Bogart GA,GA,10/6/2020,7167.64,,DC-1
Store-Bogart GA,GA,10/6/2020,882.74,"Athens-Clarke County, GA Metro Area",DC-1
Store-Bogart GA,GA,10/7/2020,4855.72,,DC-1
Store-Bogart GA,GA,10/7/2020,1493.43,"Athens-Clarke County, GA Metro Area",DC-1
Store-Bogart GA,GA,10/8/2020,5101.98,,DC-1
Store-Bogart GA,GA,10/8/2020,248.09,"Athens-Clarke County, GA Metro Area",DC-1
Store-Bogart GA,GA,10/9/2020,1784.71,,DC-1
Store-Bogart GA,GA,10/9/2020,192.86,"Athens-Clarke County, GA Metro Area",DC-1
Store-Bogart GA,GA,10/12/2020,6042.40,,DC-1
Store-Bogart GA,GA,10/12/2020,870.29,"Athens-Clarke County, GA Metro Area",DC-1
Store-Bogart GA,GA,10/13/2020,5034.70,,DC-1
Store-Bogart GA,GA,10/14/2020,6078.60,,DC-1
Store-Bogart GA,GA,10/14/2020,526.86,"Athens-Clarke County, GA Metro Area",DC-1
Store-Bogart GA,GA,10/15/2020,1752.31,,DC-1
Store-Bogart GA,GA,10/15/2020,3129.60,"Athens-Clarke County, GA Metro Area",DC-1
Store-Bogart GA,GA,10/16/2020,2081.75,,DC-1
Store-Bogart GA,GA,10/16/2020,56.66,"Athens-Clarke County, GA Metro Area",DC-1
Store-Bogart GA,GA,10/19/2020,7620.02,,DC-1
Store-Bogart GA,GA,10/19/2020,415.46,"Athens-Clarke County, GA Metro Area",DC-1
Store-Bogart GA,GA,10/20/2020,7308.29,,DC-1
Store-Bogart GA,GA,10/20/2020,449.83,"Athens-Clarke County, GA Metro Area",DC-1
Store-Bogart GA,GA,10/21/2020,5732.12,,DC-1
Store-Bogart GA,GA,10/21/2020,295.56,"Athens-Clarke County, GA Metro Area",DC-1
Store-Bogart GA,GA,10/22/2020,4386.49,,DC-1
Store-Bogart GA,GA,10/22/2020,1629.50,"Athens-Clarke County, GA Metro Area",DC-1
Store-Bogart GA,GA,10/23/2020,2202.23,,DC-1
Store-Bogart GA,GA,10/23/2020,523.58,"Athens-Clarke County, GA Metro Area",DC-1
Store-Bogart GA,GA,10/26/2020,8624.30,,DC-1
Store-Bogart GA,GA,10/26/2020,577.21,"Athens-Clarke County, GA Metro Area",DC-1
Store-Bogart GA,GA,10/27/2020,5055.54,,DC-1
Store-Bogart GA,GA,10/27/2020,1432.42,"Athens-Clarke County, GA Metro Area",DC-1
Store-Bogart GA,GA,10/28/2020,4946.30,,DC-1
Store-Bogart GA,GA,10/28/2020,330.33,"Athens-Clarke County, GA Metro Area",DC-1
Store-Bogart GA,GA,10/29/2020,5034.44,,DC-1
Store-Bogart GA,GA,10/29/2020,798.19,"Athens-Clarke County, GA Metro Area",DC-1
Store-Bogart GA,GA,10/30/2020,2507.49,,DC-1
Store-Bogart GA,GA,10/30/2020,164.18,"Athens-Clarke County, GA Metro Area",DC-1
Store-Bogart GA,GA,11/2/2020,8938.71,,DC-1
Store-Bogart GA,GA,11/2/2020,3128.12,"Athens-Clarke County, GA Metro Area",DC-1
Store-Bogart GA,GA,11/3/2020,5930.24,,DC-1
Store-Bogart GA,GA,11/3/2020,228.68,"Athens-Clarke County, GA Metro Area",DC-1
Store-Bogart GA,GA,11/4/2020,6547.03,,DC-1
Store-Bogart GA,GA,11/4/2020,1631.97,"Athens-Clarke County, GA Metro Area",DC-1
Store-Bogart GA,GA,11/5/2020,4248.75,,DC-1
Store-Bogart GA,GA,11/5/2020,926.84,"Athens-Clarke County, GA Metro Area",DC-1
Store-Bogart GA,GA,11/6/2020,2642.11,,DC-1
Store-Bogart GA,GA,11/6/2020,617.22,"Athens-Clarke County, GA Metro Area",DC-1
Store-Bogart GA,GA,11/9/2020,7718.90,,DC-1
Store-Bogart GA,GA,11/9/2020,1242.86,"Athens-Clarke County, GA Metro Area",DC-1
Store-Bogart GA,GA,11/10/2020,5985.55,,DC-1
Store-Bogart GA,GA,11/10/2020,571.70,"Athens-Clarke County, GA Metro Area",DC-1
Store-Bogart GA,GA,11/11/2020,5568.81,,DC-1
Store-Bogart GA,GA,11/11/2020,192.45,"Athens-Clarke County, GA Metro Area",DC-1
Store-Bogart GA,GA,11/12/2020,4348.97,,DC-1
Store-Bogart GA,GA,11/12/2020,942.36,"Athens-Clarke County, GA Metro Area",DC-1
Store-Bogart GA,GA,11/13/2020,4210.82,,DC-1
Store-Bogart GA,GA,11/13/2020,1204.03,"Athens-Clarke County, GA Metro Area",DC-1
Store-Bogart GA,GA,11/16/2020,11592.49,,DC-1
Store-Bogart GA,GA,11/16/2020,2192.44,"Athens-Clarke County, GA Metro Area",DC-1
Store-Bogart GA,GA,11/17/2020,7275.77,,DC-1
Store-Bogart GA,GA,11/17/2020,742.02,"Athens-Clarke County, GA Metro Area",DC-1
Store-Bogart GA,GA,11/18/2020,6237.83,,DC-1
Store-Bogart GA,GA,11/18/2020,809.37,"Athens-Clarke County, GA Metro Area",DC-1
Store-Bogart GA,GA,11/19/2020,6486.68,,DC-1
Store-Bogart GA,GA,11/19/2020,105.42,"Athens-Clarke County, GA Metro Area",DC-1
Store-Bogart GA,GA,11/20/2020,7691.40,,DC-1
Store-Bogart GA,GA,11/20/2020,1019.87,"Athens-Clarke County, GA Metro Area",DC-1
Store-Bogart GA,GA,11/23/2020,8900.23,,DC-1
Store-Bogart GA,GA,11/23/2020,1836.67,"Athens-Clarke County, GA Metro Area",DC-1
Store-Bogart GA,GA,11/24/2020,5015.10,,DC-1
Store-Bogart GA,GA,11/24/2020,1104.20,"Athens-Clarke County, GA Metro Area",DC-1
Store-Bogart GA,GA,11/25/2020,4313.78,,DC-1
Store-Bogart GA,GA,11/25/2020,2776.71,"Athens-Clarke County, GA Metro Area",DC-1
Store-Bogart GA,GA,11/30/2020,7144.82,,DC-1
Store-Bogart GA,GA,11/30/2020,1588.28,"Athens-Clarke County, GA Metro Area",DC-1
Store-Bogart GA,GA,12/1/2020,6252.41,,DC-1
Store-Bogart GA,GA,12/1/2020,3121.29,"Athens-Clarke County, GA Metro Area",DC-1
Store-Bogart GA,GA,12/2/2020,4799.70,,DC-1
Store-Bogart GA,GA,12/2/2020,3118.21,"Athens-Clarke County, GA Metro Area",DC-1
Store-Bogart GA,GA,12/3/2020,3523.13,,DC-1
Store-Bogart GA,GA,12/3/2020,676.43,"Athens-Clarke County, GA Metro Area",DC-1
Store-Bogart GA,GA,12/4/2020,5389.81,,DC-1
Store-Bogart GA,GA,12/4/2020,311.11,"Athens-Clarke County, GA Metro Area",DC-1
Store-Bogart GA,GA,12/7/2020,8707.10,,DC-1
Store-Bogart GA,GA,12/7/2020,3298.72,"Athens-Clarke County, GA Metro Area",DC-1
Store-Bogart GA,GA,12/8/2020,3606.02,,DC-1
Store-Bogart GA,GA,12/8/2020,2661.71,"Athens-Clarke County, GA Metro Area",DC-1
Store-Bogart GA,GA,12/9/2020,7896.49,,DC-1
Store-Bogart GA,GA,12/9/2020,5146.07,"Athens-Clarke County, GA Metro Area",DC-1
Store-Bogart GA,GA,12/10/2020,2830.74,,DC-1
Store-Bogart GA,GA,12/10/2020,838.43,"Athens-Clarke County, GA Metro Area",DC-1
Store-Bogart GA,GA,12/11/2020,6152.46,,DC-1
Store-Bogart GA,GA,12/11/2020,255.92,"Athens-Clarke County, GA Metro Area",DC-1
Store-Bogart GA,GA,12/14/2020,9353.62,,DC-1
Store-Bogart GA,GA,12/14/2020,1922.94,"Athens-Clarke County, GA Metro Area",DC-1
Store-Bogart GA,GA,12/15/2020,6986.16,,DC-1
Store-Bogart GA,GA,12/15/2020,88.36,"Athens-Clarke County, GA Metro Area",DC-1
Store-Bogart GA,GA,12/16/2020,9234.66,,DC-1
Store-Bogart GA,GA,12/16/2020,1070.88,"Athens-Clarke County, GA Metro Area",DC-1
Store-Bogart GA,GA,12/17/2020,4323.82,,DC-1
Store-Bogart GA,GA,12/17/2020,1046.82,"Athens-Clarke County, GA Metro Area",DC-1
Store-Bogart GA,GA,12/18/2020,6198.08,,DC-1
Store-Bogart GA,GA,12/18/2020,1931.94,"Athens-Clarke County, GA Metro Area",DC-1
Store-Bogart GA,GA,12/21/2020,6197.26,,DC-1
Store-Bogart GA,GA,12/21/2020,2635.47,"Athens-Clarke County, GA Metro Area",DC-1
Store-Bogart GA,GA,12/22/2020,5179.85,,DC-1
Store-Bogart GA,GA,12/22/2020,784.10,"Athens-Clarke County, GA Metro Area",DC-1
Store-Bogart GA,GA,12/23/2020,5255.35,,DC-1
Store-Bogart GA,GA,12/23/2020,1282.27,"Athens-Clarke County, GA Metro Area",DC-1
Store-Bogart GA,GA,12/28/2020,6779.22,,DC-1
Store-Bogart GA,GA,12/28/2020,2679.60,"Athens-Clarke County, GA Metro Area",DC-1
Store-Bogart GA,GA,12/29/2020,6538.21,,DC-1
Store-Bogart GA,GA,12/29/2020,1375.76,"Athens-Clarke County, GA Metro Area",DC-1
Store-Bogart GA,GA,12/30/2020,4314.43,,DC-1
Store-Bogart GA,GA,12/30/2020,1408.44,"Athens-Clarke County, GA Metro Area",DC-1
Store-Bogart GA,GA,12/31/2020,484.17,,DC-1
Store-Bogart GA,GA,1/4/2021,5298.03,,DC-1
Store-Bogart GA,GA,1/4/2021,4448.64,"Athens-Clarke County, GA Metro Area",DC-1
Store-Bogart GA,GA,1/5/2021,6241.80,,DC-1
Store-Bogart GA,GA,1/5/2021,1002.35,"Athens-Clarke County, GA Metro Area",DC-1
Store-Bogart GA,GA,1/6/2021,3264.94,,DC-1
Store-Bogart GA,GA,1/6/2021,2144.89,"Athens-Clarke County, GA Metro Area",DC-1
Store-Bogart GA,GA,1/7/2021,4683.56,,DC-1
Store-Bogart GA,GA,1/7/2021,2487.53,"Athens-Clarke County, GA Metro Area",DC-1
Store-Bogart GA,GA,1/8/2021,6774.15,,DC-1
Store-Bogart GA,GA,1/8/2021,939.98,"Athens-Clarke County, GA Metro Area",DC-1
Store-Bogart GA,GA,1/11/2021,7985.63,,DC-1
Store-Bogart GA,GA,1/11/2021,2027.41,"Athens-Clarke County, GA Metro Area",DC-1
Store-Bogart GA,GA,1/12/2021,2117.93,,DC-1
Store-Bogart GA,GA,1/12/2021,665.95,"Athens-Clarke County, GA Metro Area",DC-1
Store-Bogart GA,GA,1/13/2021,2340.78,,DC-1
Store-Bogart GA,GA,1/13/2021,2264.60,"Athens-Clarke County, GA Metro Area",DC-1
Store-Bogart GA,GA,1/14/2021,1815.72,"Athens-Clarke County, GA Metro Area",DC-1
Store-Bogart GA,GA,1/15/2021,14417.32,,DC-1
Store-Bogart GA,GA,1/15/2021,305.81,"Athens-Clarke County, GA Metro Area",DC-1
Store-Bogart GA,GA,1/18/2021,1281.60,"Athens-Clarke County, GA Metro Area",DC-1
Store-Bogart GA,GA,1/19/2021,11262.94,,DC-1
Store-Bogart GA,GA,1/19/2021,1510.46,"Athens-Clarke County, GA Metro Area",DC-1
Store-Bogart GA,GA,1/20/2021,944.43,"Athens-Clarke County, GA Metro Area",DC-1
Store-Bogart GA,GA,1/21/2021,1808.25,"Athens-Clarke County, GA Metro Area",DC-1
Store-Bogart GA,GA,1/22/2021,6129.81,"Athens-Clarke County, GA Metro Area",DC-1
Store-Bogart GA,GA,1/25/2021,20184.77,,DC-1
Store-Bogart GA,GA,1/25/2021,706.53,"Athens-Clarke County, GA Metro Area",DC-1
Store-Bogart GA,GA,1/26/2021,1626.13,,DC-1
Store-Bogart GA,GA,1/26/2021,4682.68,"Athens-Clarke County, GA Metro Area",DC-1
Store-Bogart GA,GA,1/27/2021,4192.95,,DC-1
Store-Bogart GA,GA,1/27/2021,1319.29,"Athens-Clarke County, GA Metro Area",DC-1
Store-Bogart GA,GA,1/28/2021,5365.61,,DC-1
Store-Bogart GA,GA,1/28/2021,1494.76,"Athens-Clarke County, GA Metro Area",DC-1
Store-Bogart GA,GA,1/29/2021,6015.91,,DC-1
Store-Bogart GA,GA,1/29/2021,3861.22,"Athens-Clarke County, GA Metro Area",DC-1
Store-Bogart GA,GA,2/1/2021,9921.08,,DC-1
Store-Bogart GA,GA,2/1/2021,4631.75,"Athens-Clarke County, GA Metro Area",DC-1
Store-Bogart GA,GA,2/2/2021,5417.68,,DC-1
Store-Bogart GA,GA,2/2/2021,383.93,"Athens-Clarke County, GA Metro Area",DC-1
Store-Bogart GA,GA,2/3/2021,5976.42,,DC-1
Store-Bogart GA,GA,2/3/2021,378.90,"Athens-Clarke County, GA Metro Area",DC-1
Store-Bogart GA,GA,2/4/2021,4293.48,,DC-1
Store-Bogart GA,GA,2/4/2021,700.89,"Athens-Clarke County, GA Metro Area",DC-1
Store-Bogart GA,GA,2/5/2021,5127.20,,DC-1
Store-Bogart GA,GA,2/5/2021,705.08,"Athens-Clarke County, GA Metro Area",DC-1
Store-Bogart GA,GA,2/8/2021,4821.56,,DC-1
Store-Bogart GA,GA,2/8/2021,2190.95,"Athens-Clarke County, GA Metro Area",DC-1
Store-Bogart GA,GA,2/9/2021,4738.35,,DC-1
Store-Bogart GA,GA,2/9/2021,422.04,"Athens-Clarke County, GA Metro Area",DC-1
Store-Bogart GA,GA,2/10/2021,6010.27,,DC-1
Store-Bogart GA,GA,2/10/2021,2852.32,"Athens-Clarke County, GA Metro Area",DC-1
Store-Bogart GA,GA,2/11/2021,6700.75,,DC-1
Store-Bogart GA,GA,2/11/2021,375.83,"Athens-Clarke County, GA Metro Area",DC-1
Store-Bogart GA,GA,2/12/2021,4050.59,,DC-1
Store-Bogart GA,GA,2/12/2021,983.97,"Athens-Clarke County, GA Metro Area",DC-1
Store-Bogart GA,GA,2/15/2021,9065.77,,DC-1
Store-Bogart GA,GA,2/15/2021,2358.39,"Athens-Clarke County, GA Metro Area",DC-1
Store-Bogart GA,GA,2/16/2021,5372.03,,DC-1
Store-Bogart GA,GA,2/16/2021,1911.25,"Athens-Clarke County, GA Metro Area",DC-1
Store-Bogart GA,GA,2/17/2021,5821.27,,DC-1
Store-Bogart GA,GA,2/17/2021,1005.00,"Athens-Clarke County, GA Metro Area",DC-1
Store-Bogart GA,GA,2/18/2021,3591.11,,DC-1
Store-Bogart GA,GA,2/18/2021,195.75,"Athens-Clarke County, GA Metro Area",DC-1
Store-Bogart GA,GA,2/19/2021,1612.71,,DC-1
Store-Bogart GA,GA,2/19/2021,5415.47,"Athens-Clarke County, GA Metro Area",DC-1
Store-Bogart GA,GA,2/22/2021,10218.17,,DC-1
Store-Bogart GA,GA,2/22/2021,1652.49,"Athens-Clarke County, GA Metro Area",DC-1
Store-Bogart GA,GA,2/23/2021,4521.03,,DC-1
Store-Bogart GA,GA,2/23/2021,878.81,"Athens-Clarke County, GA Metro Area",DC-1
Store-Bogart GA,GA,2/24/2021,5787.73,,DC-1
Store-Bogart GA,GA,2/24/2021,909.55,"Athens-Clarke County, GA Metro Area",DC-1
Store-Bogart GA,GA,2/25/2021,4895.31,,DC-1
Store-Bogart GA,GA,2/25/2021,1476.47,"Athens-Clarke County, GA Metro Area",DC-1
Store-Bogart GA,GA,2/26/2021,2569.12,,DC-1
Store-Bogart GA,GA,2/26/2021,896.63,"Athens-Clarke County, GA Metro Area",DC-1
Store-Bogart GA,GA,3/1/2021,10581.07,,DC-1
Store-Bogart GA,GA,3/1/2021,6533.97,"Athens-Clarke County, GA Metro Area",DC-1
Store-Bogart GA,GA,3/2/2021,5791.54,,DC-1
Store-Bogart GA,GA,3/2/2021,172.11,"Athens-Clarke County, GA Metro Area",DC-1
Store-Bogart GA,GA,3/3/2021,9123.84,,DC-1
Store-Bogart GA,GA,3/3/2021,2681.55,"Athens-Clarke County, GA Metro Area",DC-1
Store-Bogart GA,GA,3/4/2021,4238.89,,DC-1
Store-Bogart GA,GA,3/4/2021,620.36,"Athens-Clarke County, GA Metro Area",DC-1
Store-Bogart GA,GA,3/5/2021,3423.12,,DC-1
Store-Bogart GA,GA,3/5/2021,429.78,"Athens-Clarke County, GA Metro Area",DC-1
Store-Bogart GA,GA,3/8/2021,8152.57,,DC-1
Store-Bogart GA,GA,3/8/2021,1560.91,"Athens-Clarke County, GA Metro Area",DC-1
Store-Bogart GA,GA,3/9/2021,2602.04,,DC-1
Store-Bogart GA,GA,3/9/2021,2941.75,"Athens-Clarke County, GA Metro Area",DC-1
Store-Bogart GA,GA,3/10/2021,7096.94,,DC-1
Store-Bogart GA,GA,3/10/2021,2979.04,"Athens-Clarke County, GA Metro Area",DC-1
Store-Bogart GA,GA,3/11/2021,3803.96,,DC-1
Store-Bogart GA,GA,3/11/2021,1083.46,"Athens-Clarke County, GA Metro Area",DC-1
Store-Bogart GA,GA,3/12/2021,4349.50,,DC-1
Store-Bogart GA,GA,3/12/2021,178.86,"Athens-Clarke County, GA Metro Area",DC-1
Store-Bogart GA,GA,3/15/2021,12154.37,,DC-1
Store-Bogart GA,GA,3/15/2021,3367.42,"Athens-Clarke County, GA Metro Area",DC-1
Store-Bogart GA,GA,3/16/2021,5408.08,,DC-1
Store-Bogart GA,GA,3/16/2021,1006.40,"Athens-Clarke County, GA Metro Area",DC-1
Store-Bogart GA,GA,3/17/2021,6221.41,,DC-1
Store-Bogart GA,GA,3/17/2021,1330.13,"Athens-Clarke County, GA Metro Area",DC-1
Store-Bogart GA,GA,3/18/2021,5188.66,,DC-1
Store-Bogart GA,GA,3/18/2021,677.88,"Athens-Clarke County, GA Metro Area",DC-1
Store-Bogart GA,GA,3/19/2021,3811.01,,DC-1
Store-Bogart GA,GA,3/19/2021,1115.76,"Athens-Clarke County, GA Metro Area",DC-1
Store-Bogart GA,GA,3/22/2021,5876.93,,DC-1
Store-Bogart GA,GA,3/22/2021,286.30,"Athens-Clarke County, GA Metro Area",DC-1
Store-Bogart GA,GA,3/23/2021,5001.67,,DC-1
Store-Bogart GA,GA,3/23/2021,2394.45,"Athens-Clarke County, GA Metro Area",DC-1
Store-Bogart GA,GA,3/24/2021,10418.61,,DC-1
Store-Bogart GA,GA,3/24/2021,1121.38,"Athens-Clarke County, GA Metro Area",DC-1
Store-Bogart GA,GA,3/25/2021,4879.19,,DC-1
Store-Bogart GA,GA,3/25/2021,4081.37,"Athens-Clarke County, GA Metro Area",DC-1
Store-Bogart GA,GA,3/26/2021,3204.64,,DC-1
Store-Bogart GA,GA,3/26/2021,643.40,"Athens-Clarke County, GA Metro Area",DC-1
Store-Bogart GA,GA,3/29/2021,8455.96,,DC-1
Store-Bogart GA,GA,3/29/2021,2292.20,"Athens-Clarke County, GA Metro Area",DC-1
Store-Bogart GA,GA,3/30/2021,5951.52,,DC-1
Store-Bogart GA,GA,3/30/2021,898.42,"Athens-Clarke County, GA Metro Area",DC-1
Store-Bogart GA,GA,3/31/2021,6806.51,,DC-1
Store-Bogart GA,GA,3/31/2021,5128.18,"Athens-Clarke County, GA Metro Area",DC-1
Store-Bogart GA,GA,4/1/2021,4471.16,,DC-1
Store-Bogart GA,GA,4/1/2021,3856.46,"Athens-Clarke County, GA Metro Area",DC-1
Store-Bogart GA,GA,4/2/2021,5670.75,,DC-1
Store-Bogart GA,GA,4/2/2021,372.21,"Athens-Clarke County, GA Metro Area",DC-1
Store-Bogart GA,GA,4/5/2021,9239.20,,DC-1
Store-Bogart GA,GA,4/5/2021,1426.58,"Athens-Clarke County, GA Metro Area",DC-1
Store-Bogart GA,GA,4/6/2021,5288.37,,DC-1
Store-Bogart GA,GA,4/6/2021,654.49,"Athens-Clarke County, GA Metro Area",DC-1
Store-Bogart GA,GA,4/7/2021,8195.00,,DC-1
Store-Bogart GA,GA,4/7/2021,1190.60,"Athens-Clarke County, GA Metro Area",DC-1
Store-Bogart GA,GA,4/8/2021,3797.47,,DC-1
Store-Bogart GA,GA,4/8/2021,2363.14,"Athens-Clarke County, GA Metro Area",DC-1
Store-Bogart GA,GA,4/9/2021,4556.32,,DC-1
Store-Bogart GA,GA,4/9/2021,1248.18,"Athens-Clarke County, GA Metro Area",DC-1
Store-Bogart GA,GA,4/12/2021,8452.52,,DC-1
Store-Bogart GA,GA,4/12/2021,1424.97,"Athens-Clarke County, GA Metro Area",DC-1
Store-Bogart GA,GA,4/13/2021,4155.25,,DC-1
Store-Bogart GA,GA,4/13/2021,1437.64,"Athens-Clarke County, GA Metro Area",DC-1
Store-Bogart GA,GA,4/14/2021,6701.88,,DC-1
Store-Bogart GA,GA,4/14/2021,2464.46,"Athens-Clarke County, GA Metro Area",DC-1
Store-Bogart GA,GA,4/15/2021,4774.43,,DC-1
Store-Bogart GA,GA,4/15/2021,3216.76,"Athens-Clarke County, GA Metro Area",DC-1
Store-Bogart GA,GA,4/16/2021,3426.37,,DC-1
Store-Bogart GA,GA,4/16/2021,855.87,"Athens-Clarke County, GA Metro Area",DC-1
Store-Bogart GA,GA,4/19/2021,9555.90,,DC-1
Store-Bogart GA,GA,4/19/2021,1143.73,"Athens-Clarke County, GA Metro Area",DC-1
Store-Bogart GA,GA,4/20/2021,6577.25,,DC-1
Store-Bogart GA,GA,4/20/2021,2852.43,"Athens-Clarke County, GA Metro Area",DC-1
Store-Bogart GA,GA,4/21/2021,7108.77,,DC-1
Store-Bogart GA,GA,4/21/2021,1304.21,"Athens-Clarke County, GA Metro Area",DC-1
Store-Bogart GA,GA,4/22/2021,2988.19,,DC-1
Store-Bogart GA,GA,4/22/2021,1187.56,"Athens-Clarke County, GA Metro Area",DC-1
Store-Bogart GA,GA,4/23/2021,3665.18,,DC-1
Store-Bogart GA,GA,4/23/2021,899.59,"Athens-Clarke County, GA Metro Area",DC-1
Store-Bogart GA,GA,4/26/2021,9458.99,,DC-1
Store-Bogart GA,GA,4/26/2021,2019.22,"Athens-Clarke County, GA Metro Area",DC-1
Store-Bogart GA,GA,4/27/2021,4410.75,,DC-1
Store-Bogart GA,GA,4/27/2021,1194.68,"Athens-Clarke County, GA Metro Area",DC-1
Store-Bogart GA,GA,4/28/2021,6829.08,,DC-1
Store-Bogart GA,GA,4/28/2021,428.02,"Athens-Clarke County, GA Metro Area",DC-1
Store-Bogart GA,GA,4/29/2021,4541.11,,DC-1
Store-Bogart GA,GA,4/29/2021,1592.78,"Athens-Clarke County, GA Metro Area",DC-1
Store-Bogart GA,GA,4/30/2021,2564.31,,DC-1
Store-Bogart GA,GA,4/30/2021,504.22,"Athens-Clarke County, GA Metro Area",DC-1
Store-Bogart GA,GA,5/3/2021,6846.22,,DC-1
Store-Bogart GA,GA,5/3/2021,4652.05,"Athens-Clarke County, GA Metro Area",DC-1
Store-Bogart GA,GA,5/4/2021,8274.39,,DC-1
Store-Bogart GA,GA,5/4/2021,969.16,"Athens-Clarke County, GA Metro Area",DC-1
Store-Bogart GA,GA,5/5/2021,5945.94,,DC-1
Store-Bogart GA,GA,5/5/2021,1176.73,"Athens-Clarke County, GA Metro Area",DC-1
Store-Bogart GA,GA,5/6/2021,7556.12,,DC-1
Store-Bogart GA,GA,5/6/2021,237.63,"Athens-Clarke County, GA Metro Area",DC-1
Store-Bogart GA,GA,5/7/2021,6430.60,,DC-1
Store-Bogart GA,GA,5/7/2021,417.02,"Athens-Clarke County, GA Metro Area",DC-1
Store-Bogart GA,GA,5/10/2021,8336.39,,DC-1
Store-Bogart GA,GA,5/10/2021,1311.16,"Athens-Clarke County, GA Metro Area",DC-1
Store-Bogart GA,GA,5/11/2021,4026.38,,DC-1
Store-Bogart GA,GA,5/11/2021,2770.06,"Athens-Clarke County, GA Metro Area",DC-1
Store-Bogart GA,GA,5/12/2021,6979.03,,DC-1
Store-Bogart GA,GA,5/12/2021,736.32,"Athens-Clarke County, GA Metro Area",DC-1
Store-Bogart GA,GA,5/13/2021,4750.08,,DC-1
Store-Bogart GA,GA,5/13/2021,2031.59,"Athens-Clarke County, GA Metro Area",DC-1
Store-Bogart GA,GA,5/14/2021,4717.31,,DC-1
Store-Bogart GA,GA,5/14/2021,974.19,"Athens-Clarke County, GA Metro Area",DC-1
Store-Bogart GA,GA,5/17/2021,6784.04,,DC-1
Store-Bogart GA,GA,5/17/2021,784.86,"Athens-Clarke County, GA Metro Area",DC-1
Store-Bogart GA,GA,5/18/2021,4510.16,,DC-1
Store-Bogart GA,GA,5/18/2021,923.67,"Athens-Clarke County, GA Metro Area",DC-1
Store-Bogart GA,GA,5/19/2021,9018.69,,DC-1
Store-Bogart GA,GA,5/19/2021,3245.34,"Athens-Clarke County, GA Metro Area",DC-1
Store-Bogart GA,GA,5/20/2021,4732.74,,DC-1
Store-Bogart GA,GA,5/20/2021,855.96,"Athens-Clarke County, GA Metro Area",DC-1
Store-Bogart GA,GA,5/21/2021,4792.89,"Athens-Clarke County, GA Metro Area",DC-1
Store-Bogart GA,GA,5/24/2021,293.54,"Athens-Clarke County, GA Metro Area",DC-1
Store-Bogart GA,GA,5/25/2021,3685.45,,DC-1
Store-Bogart GA,GA,5/25/2021,1218.84,"Athens-Clarke County, GA Metro Area",DC-1
Store-Bogart GA,GA,5/26/2021,8034.16,,DC-1
Store-Bogart GA,GA,5/26/2021,2224.67,"Athens-Clarke County, GA Metro Area",DC-1
Store-Bogart GA,GA,5/27/2021,4450.12,,DC-1
Store-Bogart GA,GA,5/27/2021,1947.19,"Athens-Clarke County, GA Metro Area",DC-1
Store-Bogart GA,GA,5/28/2021,4010.63,,DC-1
Store-Bogart GA,GA,5/28/2021,725.66,"Athens-Clarke County, GA Metro Area",DC-1
Store-Bogart GA,GA,6/1/2021,6233.99,,DC-1
Store-Bogart GA,GA,6/1/2021,5574.46,"Athens-Clarke County, GA Metro Area",DC-1
Store-Bogart GA,GA,6/2/2021,5500.35,,DC-1
Store-Bogart GA,GA,6/2/2021,3871.40,"Athens-Clarke County, GA Metro Area",DC-1
Store-Bogart GA,GA,6/3/2021,4638.87,,DC-1
Store-Bogart GA,GA,6/3/2021,945.20,"Athens-Clarke County, GA Metro Area",DC-1
Store-Bogart GA,GA,6/4/2021,5064.12,"Athens-Clarke County, GA Metro Area",DC-1
Store-Bogart GA,GA,6/7/2021,7389.94,,DC-1
Store-Bogart GA,GA,6/7/2021,2735.41,"Athens-Clarke County, GA Metro Area",DC-1
Store-Bogart GA,GA,6/8/2021,5108.73,,DC-1
Store-Bogart GA,GA,6/8/2021,609.20,"Athens-Clarke County, GA Metro Area",DC-1
Store-Bogart GA,GA,6/9/2021,5662.44,,DC-1
Store-Bogart GA,GA,6/9/2021,1167.02,"Athens-Clarke County, GA Metro Area",DC-1
Store-Bogart GA,GA,6/10/2021,5253.27,,DC-1
Store-Bogart GA,GA,6/10/2021,1179.73,"Athens-Clarke County, GA Metro Area",DC-1
Store-Bogart GA,GA,6/11/2021,4058.13,,DC-1
Store-Bogart GA,GA,6/11/2021,720.53,"Athens-Clarke County, GA Metro Area",DC-1
Store-Bogart GA,GA,6/14/2021,8282.07,,DC-1
Store-Bogart GA,GA,6/14/2021,4274.88,"Athens-Clarke County, GA Metro Area",DC-1
Store-Bogart GA,GA,6/15/2021,6102.38,,DC-1
Store-Bogart GA,GA,6/15/2021,769.74,"Athens-Clarke County, GA Metro Area",DC-1
Store-Bogart GA,GA,6/16/2021,10385.63,,DC-1
Store-Bogart GA,GA,6/16/2021,2068.83,"Athens-Clarke County, GA Metro Area",DC-1
Store-Bogart GA,GA,6/17/2021,4369.14,,DC-1
Store-Bogart GA,GA,6/17/2021,1948.66,"Athens-Clarke County, GA Metro Area",DC-1
Store-Bogart GA,GA,6/18/2021,4472.47,,DC-1
Store-Bogart GA,GA,6/18/2021,929.79,"Athens-Clarke County, GA Metro Area",DC-1
Store-Bogart GA,GA,6/21/2021,7252.71,,DC-1
Store-Bogart GA,GA,6/21/2021,1309.56,"Athens-Clarke County, GA Metro Area",DC-1
Store-Bogart GA,GA,6/22/2021,7186.60,,DC-1
Store-Bogart GA,GA,6/22/2021,1587.64,"Athens-Clarke County, GA Metro Area",DC-1
Store-Bogart GA,GA,6/23/2021,9502.85,,DC-1
Store-Bogart GA,GA,6/23/2021,4702.06,"Athens-Clarke County, GA Metro Area",DC-1
Store-Bogart GA,GA,6/24/2021,6237.43,,DC-1
Store-Bogart GA,GA,6/24/2021,790.64,"Athens-Clarke County, GA Metro Area",DC-1
Store-Bogart GA,GA,6/25/2021,4105.54,,DC-1
Store-Bogart GA,GA,6/25/2021,2321.58,"Athens-Clarke County, GA Metro Area",DC-1
Store-Bogart GA,GA,6/28/2021,9310.92,,DC-1
Store-Bogart GA,GA,6/28/2021,2095.28,"Athens-Clarke County, GA Metro Area",DC-1
Store-Bogart GA,GA,6/29/2021,7267.79,,DC-1
Store-Bogart GA,GA,6/29/2021,699.68,"Athens-Clarke County, GA Metro Area",DC-1
Store-Bogart GA,GA,6/30/2021,5779.52,,DC-1
Store-Bogart GA,GA,6/30/2021,826.56,"Athens-Clarke County, GA Metro Area",DC-1
Store-Bogart GA,GA,7/1/2021,5753.23,,DC-1
Store-Bogart GA,GA,7/1/2021,3037.42,"Athens-Clarke County, GA Metro Area",DC-1
Store-Bogart GA,GA,7/2/2021,7351.98,,DC-1
Store-Bogart GA,GA,7/2/2021,664.19,"Athens-Clarke County, GA Metro Area",DC-1
Store-Bogart GA,GA,7/6/2021,4551.52,,DC-1
Store-Bogart GA,GA,7/6/2021,1537.99,"Athens-Clarke County, GA Metro Area",DC-1
Store-Bogart GA,GA,7/7/2021,5843.89,,DC-1
Store-Bogart GA,GA,7/7/2021,2998.97,"Athens-Clarke County, GA Metro Area",DC-1
Store-Bogart GA,GA,7/8/2021,5327.52,,DC-1
Store-Bogart GA,GA,7/8/2021,1024.29,"Athens-Clarke County, GA Metro Area",DC-1
Store-Bogart GA,GA,7/9/2021,4208.73,,DC-1
Store-Bogart GA,GA,7/9/2021,655.13,"Athens-Clarke County, GA Metro Area",DC-1
Store-Bogart GA,GA,7/12/2021,6733.52,,DC-1
Store-Bogart GA,GA,7/12/2021,903.78,"Athens-Clarke County, GA Metro Area",DC-1
Store-Bogart GA,GA,7/13/2021,6533.48,,DC-1
Store-Bogart GA,GA,7/13/2021,908.21,"Athens-Clarke County, GA Metro Area",DC-1
Store-Bogart GA,GA,7/14/2021,7970.55,,DC-1
Store-Bogart GA,GA,7/14/2021,1219.94,"Athens-Clarke County, GA Metro Area",DC-1
Store-Bogart GA,GA,7/15/2021,5530.51,"Athens-Clarke County, GA Metro Area",DC-1
Store-Bogart GA,GA,7/16/2021,4992.98,"Athens-Clarke County, GA Metro Area",DC-1
Store-Bogart GA,GA,7/19/2021,11079.14,,DC-1
Store-Bogart GA,GA,7/19/2021,2837.02,"Athens-Clarke County, GA Metro Area",DC-1
Store-Bogart GA,GA,7/20/2021,7113.52,,DC-1
Store-Bogart GA,GA,7/20/2021,3072.00,"Athens-Clarke County, GA Metro Area",DC-1
Store-Bogart GA,GA,7/21/2021,8170.27,,DC-1
Store-Bogart GA,GA,7/21/2021,1524.16,"Athens-Clarke County, GA Metro Area",DC-1
Store-Bogart GA,GA,7/22/2021,4842.93,,DC-1
Store-Bogart GA,GA,7/22/2021,3050.25,"Athens-Clarke County, GA Metro Area",DC-1
Store-Bogart GA,GA,7/23/2021,4203.95,,DC-1
Store-Bogart GA,GA,7/23/2021,559.43,"Athens-Clarke County, GA Metro Area",DC-1
Store-Bogart GA,GA,7/26/2021,8272.48,,DC-1
Store-Bogart GA,GA,7/26/2021,1633.65,"Athens-Clarke County, GA Metro Area",DC-1
Store-Bogart GA,GA,7/27/2021,6318.77,,DC-1
Store-Bogart GA,GA,7/27/2021,1507.86,"Athens-Clarke County, GA Metro Area",DC-1
Store-Bogart GA,GA,7/28/2021,7848.87,,DC-1
Store-Bogart GA,GA,7/28/2021,2702.21,"Athens-Clarke County, GA Metro Area",DC-1
Store-Bogart GA,GA,7/29/2021,4180.06,,DC-1
Store-Bogart GA,GA,7/29/2021,1315.02,"Athens-Clarke County, GA Metro Area",DC-1
Store-Bogart GA,GA,7/30/2021,3486.83,,DC-1
Store-Bogart GA,GA,7/30/2021,1432.61,"Athens-Clarke County, GA Metro Area",DC-1
Store-Bogart GA,GA,8/2/2021,7810.85,,DC-1
Store-Bogart GA,GA,8/2/2021,3485.66,"Athens-Clarke County, GA Metro Area",DC-1
Store-Bogart GA,GA,8/3/2021,6145.63,,DC-1
Store-Bogart GA,GA,8/3/2021,1082.93,"Athens-Clarke County, GA Metro Area",DC-1
Store-Bogart GA,GA,8/4/2021,5428.73,,DC-1
Store-Bogart GA,GA,8/4/2021,216.02,"Athens-Clarke County, GA Metro Area",DC-1
Store-Bogart GA,GA,8/5/2021,5629.93,,DC-1
Store-Bogart GA,GA,8/5/2021,2190.08,"Athens-Clarke County, GA Metro Area",DC-1
Store-Bogart GA,GA,8/6/2021,6842.68,,DC-1
Store-Bogart GA,GA,8/6/2021,774.64,"Athens-Clarke County, GA Metro Area",DC-1
Store-Bogart GA,GA,8/9/2021,7243.59,,DC-1
Store-Bogart GA,GA,8/9/2021,3865.18,"Athens-Clarke County, GA Metro Area",DC-1
Store-Bogart GA,GA,8/10/2021,6715.48,,DC-1
Store-Bogart GA,GA,8/10/2021,974.25,"Athens-Clarke County, GA Metro Area",DC-1
Store-Bogart GA,GA,8/11/2021,6038.64,,DC-1
Store-Bogart GA,GA,8/11/2021,2660.57,"Athens-Clarke County, GA Metro Area",DC-1
Store-Bogart GA,GA,8/12/2021,5016.87,,DC-1
Store-Bogart GA,GA,8/12/2021,401.10,"Athens-Clarke County, GA Metro Area",DC-1
Store-Bogart GA,GA,8/13/2021,5935.08,,DC-1
Store-Bogart GA,GA,8/13/2021,814.82,"Athens-Clarke County, GA Metro Area",DC-1
Store-Bogart GA,GA,8/16/2021,7623.25,,DC-1
Store-Bogart GA,GA,8/16/2021,2895.70,"Athens-Clarke County, GA Metro Area",DC-1
Store-Bogart GA,GA,8/17/2021,6007.65,,DC-1
Store-Bogart GA,GA,8/17/2021,1975.62,"Athens-Clarke County, GA Metro Area",DC-1
Store-Bogart GA,GA,8/18/2021,5599.38,,DC-1
Store-Bogart GA,GA,8/18/2021,844.98,"Athens-Clarke County, GA Metro Area",DC-1
Store-Bogart GA,GA,8/19/2021,5117.06,,DC-1
Store-Bogart GA,GA,8/19/2021,456.65,"Athens-Clarke County, GA Metro Area",DC-1
Store-Bogart GA,GA,8/20/2021,4980.87,,DC-1
Store-Bogart GA,GA,8/20/2021,1365.95,"Athens-Clarke County, GA Metro Area",DC-1
Store-Bogart GA,GA,8/23/2021,6462.73,,DC-1
Store-Bogart GA,GA,8/23/2021,1678.15,"Athens-Clarke County, GA Metro Area",DC-1
Store-Bogart GA,GA,8/24/2021,5805.70,,DC-1
Store-Bogart GA,GA,8/24/2021,575.53,"Athens-Clarke County, GA Metro Area",DC-1
Store-Bogart GA,GA,8/25/2021,7622.40,,DC-1
Store-Bogart GA,GA,8/25/2021,1695.15,"Athens-Clarke County, GA Metro Area",DC-1
Store-Bogart GA,GA,8/26/2021,5341.56,,DC-1
Store-Bogart GA,GA,8/26/2021,457.13,"Athens-Clarke County, GA Metro Area",DC-1
Store-Bogart GA,GA,8/27/2021,3078.67,,DC-1
Store-Bogart GA,GA,8/27/2021,646.70,"Athens-Clarke County, GA Metro Area",DC-1
Store-Bogart GA,GA,8/30/2021,7308.89,,DC-1
Store-Bogart GA,GA,8/30/2021,1173.55,"Athens-Clarke County, GA Metro Area",DC-1
Store-Bogart GA,GA,8/31/2021,5483.56,,DC-1
Store-Bogart GA,GA,8/31/2021,1579.50,"Athens-Clarke County, GA Metro Area",DC-1
Store-Bogart GA,GA,9/1/2021,6504.63,,DC-1
Store-Bogart GA,GA,9/1/2021,5244.41,"Athens-Clarke County, GA Metro Area",DC-1
Store-Bogart GA,GA,9/2/2021,5130.74,,DC-1
Store-Bogart GA,GA,9/2/2021,17.08,"Athens-Clarke County, GA Metro Area",DC-1
Store-Bogart GA,GA,9/3/2021,3345.13,,DC-1
Store-Bogart GA,GA,9/3/2021,447.90,"Athens-Clarke County, GA Metro Area",DC-1
Store-Bogart GA,GA,9/7/2021,6293.56,,DC-1
Store-Bogart GA,GA,9/7/2021,2284.76,"Athens-Clarke County, GA Metro Area",DC-1
Store-Bogart GA,GA,9/8/2021,6986.84,,DC-1
Store-Bogart GA,GA,9/8/2021,3280.09,"Athens-Clarke County, GA Metro Area",DC-1
Store-Bogart GA,GA,9/9/2021,6538.35,,DC-1
Store-Bogart GA,GA,9/9/2021,919.48,"Athens-Clarke County, GA Metro Area",DC-1
Store-Bogart GA,GA,9/10/2021,4408.85,,DC-1
Store-Bogart GA,GA,9/10/2021,5011.70,"Athens-Clarke County, GA Metro Area",DC-1
Store-Bogart GA,GA,9/13/2021,5263.83,,DC-1
Store-Bogart GA,GA,9/13/2021,3153.67,"Athens-Clarke County, GA Metro Area",DC-1
Store-Bogart GA,GA,9/14/2021,5838.56,,DC-1
Store-Bogart GA,GA,9/14/2021,1889.15,"Athens-Clarke County, GA Metro Area",DC-1
Store-Bogart GA,GA,9/15/2021,471.21,"Athens-Clarke County, GA Metro Area",DC-1
Store-Bogart GA,GA,9/16/2021,4277.82,,DC-1
Store-Bogart GA,GA,9/16/2021,1106.50,"Athens-Clarke County, GA Metro Area",DC-1
Store-Bogart GA,GA,9/17/2021,4043.31,,DC-1
Store-Bogart GA,GA,9/17/2021,589.12,"Athens-Clarke County, GA Metro Area",DC-1
Store-Bogart GA,GA,9/20/2021,9342.16,,DC-1
Store-Bogart GA,GA,9/20/2021,716.75,"Athens-Clarke County, GA Metro Area",DC-1
Store-Bogart GA,GA,9/21/2021,7275.51,,DC-1
Store-Bogart GA,GA,9/21/2021,754.93,"Athens-Clarke County, GA Metro Area",DC-1
Store-Bogart GA,GA,9/22/2021,6696.49,,DC-1
Store-Bogart GA,GA,9/22/2021,1572.08,"Athens-Clarke County, GA Metro Area",DC-1
Store-Bogart GA,GA,9/23/2021,6240.20,,DC-1
Store-Bogart GA,GA,9/23/2021,1271.53,"Athens-Clarke County, GA Metro Area",DC-1
Store-Bogart GA,GA,9/24/2021,3872.11,,DC-1
Store-Bogart GA,GA,9/24/2021,824.64,"Athens-Clarke County, GA Metro Area",DC-1
Store-Bogart GA,GA,9/27/2021,10244.28,,DC-1
Store-Bogart GA,GA,9/27/2021,1147.21,"Athens-Clarke County, GA Metro Area",DC-1
Store-Bogart GA,GA,9/28/2021,8678.44,,DC-1
Store-Bogart GA,GA,9/28/2021,1141.09,"Athens-Clarke County, GA Metro Area",DC-1
Store-Bogart GA,GA,9/29/2021,3707.56,,DC-1
Store-Bogart GA,GA,9/29/2021,728.83,"Athens-Clarke County, GA Metro Area",DC-1
Store-Bogart GA,GA,9/30/2021,3976.93,,DC-1
Store-Bogart GA,GA,9/30/2021,282.99,"Athens-Clarke County, GA Metro Area",DC-1
Store-Bogart GA,GA,10/1/2021,2589.75,,DC-1
Store-Bogart GA,GA,10/1/2021,6542.93,"Athens-Clarke County, GA Metro Area",DC-1
Store-Bogart GA,GA,10/4/2021,8523.91,,DC-1
Store-Bogart GA,GA,10/4/2021,4480.33,"Athens-Clarke County, GA Metro Area",DC-1
Store-Bogart GA,GA,10/5/2021,7673.98,,DC-1
Store-Bogart GA,GA,10/5/2021,860.43,"Athens-Clarke County, GA Metro Area",DC-1
Store-Bogart GA,GA,10/6/2021,7512.13,,DC-1
Store-Bogart GA,GA,10/6/2021,1165.92,"Athens-Clarke County, GA Metro Area",DC-1
Store-Bogart GA,GA,10/7/2021,6818.59,,DC-1
Store-Bogart GA,GA,10/7/2021,748.03,"Athens-Clarke County, GA Metro Area",DC-1
Store-Bogart GA,GA,10/8/2021,6356.97,,DC-1
Store-Bogart GA,GA,10/8/2021,780.95,"Athens-Clarke County, GA Metro Area",DC-1
Store-Bogart GA,GA,10/11/2021,7474.69,,DC-1
Store-Bogart GA,GA,10/11/2021,1077.79,"Athens-Clarke County, GA Metro Area",DC-1
Store-Bogart GA,GA,10/12/2021,7519.90,,DC-1
Store-Bogart GA,GA,10/12/2021,1056.49,"Athens-Clarke County, GA Metro Area",DC-1
Store-Bogart GA,GA,10/13/2021,1946.65,"Athens-Clarke County, GA Metro Area",DC-1
Store-Bogart GA,GA,10/14/2021,6579.22,,DC-1
Store-Bogart GA,GA,10/14/2021,1349.07,"Athens-Clarke County, GA Metro Area",DC-1
Store-Bogart GA,GA,10/15/2021,1743.18,,DC-1
Store-Bogart GA,GA,10/15/2021,449.14,"Athens-Clarke County, GA Metro Area",DC-1
Store-Bogart GA,GA,10/18/2021,8667.07,,DC-1
Store-Bogart GA,GA,10/18/2021,998.56,"Athens-Clarke County, GA Metro Area",DC-1
Store-Bogart GA,GA,10/19/2021,6327.45,,DC-1
Store-Bogart GA,GA,10/19/2021,1555.43,"Athens-Clarke County, GA Metro Area",DC-1
Store-Bogart GA,GA,10/20/2021,4615.00,,DC-1
Store-Bogart GA,GA,10/20/2021,2098.60,"Athens-Clarke County, GA Metro Area",DC-1
Store-Bogart GA,GA,10/21/2021,5719.36,,DC-1
Store-Bogart GA,GA,10/21/2021,2447.30,"Athens-Clarke County, GA Metro Area",DC-1
Store-Bogart GA,GA,10/22/2021,265.35,,DC-1
Store-Bogart GA,GA,10/22/2021,5169.64,"Athens-Clarke County, GA Metro Area",DC-1
Store-Bogart GA,GA,10/25/2021,8798.44,,DC-1
Store-Bogart GA,GA,10/25/2021,1635.51,"Athens-Clarke County, GA Metro Area",DC-1
Store-Bogart GA,GA,10/26/2021,9869.50,,DC-1
Store-Bogart GA,GA,10/26/2021,1350.92,"Athens-Clarke County, GA Metro Area",DC-1
Store-Bogart GA,GA,10/27/2021,5970.93,,DC-1
Store-Bogart GA,GA,10/27/2021,1506.20,"Athens-Clarke County, GA Metro Area",DC-1
Store-Bogart GA,GA,10/28/2021,6768.48,,DC-1
Store-Bogart GA,GA,10/28/2021,1173.11,"Athens-Clarke County, GA Metro Area",DC-1
Store-Bogart GA,GA,10/29/2021,2706.62,,DC-1
Store-Bogart GA,GA,10/29/2021,2995.13,"Athens-Clarke County, GA Metro Area",DC-1
Store-Bogart GA,GA,11/1/2021,9349.79,,DC-1
Store-Bogart GA,GA,11/1/2021,1333.37,"Athens-Clarke County, GA Metro Area",DC-1
Store-Bogart GA,GA,11/2/2021,4921.95,,DC-1
Store-Bogart GA,GA,11/2/2021,6846.37,"Athens-Clarke County, GA Metro Area",DC-1
Store-Bogart GA,GA,11/3/2021,7210.81,,DC-1
Store-Bogart GA,GA,11/3/2021,1180.83,"Athens-Clarke County, GA Metro Area",DC-1
Store-Bogart GA,GA,11/4/2021,6620.32,,DC-1
Store-Bogart GA,GA,11/4/2021,369.79,"Athens-Clarke County, GA Metro Area",DC-1
Store-Bogart GA,GA,11/5/2021,6178.95,,DC-1
Store-Bogart GA,GA,11/5/2021,580.96,"Athens-Clarke County, GA Metro Area",DC-1
Store-Bogart GA,GA,11/8/2021,906.08,"Athens-Clarke County, GA Metro Area",DC-1
Store-Bogart GA,GA,11/9/2021,8006.34,,DC-1
Store-Bogart GA,GA,11/9/2021,965.61,"Athens-Clarke County, GA Metro Area",DC-1
Store-Bogart GA,GA,11/10/2021,8065.51,,DC-1
Store-Bogart GA,GA,11/10/2021,1519.37,"Athens-Clarke County, GA Metro Area",DC-1
Store-Bogart GA,GA,11/11/2021,6961.51,,DC-1
Store-Bogart GA,GA,11/11/2021,629.84,"Athens-Clarke County, GA Metro Area",DC-1
Store-Bogart GA,GA,11/12/2021,5358.67,,DC-1
Store-Bogart GA,GA,11/12/2021,470.42,"Athens-Clarke County, GA Metro Area",DC-1
Store-Bogart GA,GA,11/15/2021,8888.51,,DC-1
Store-Bogart GA,GA,11/15/2021,1201.97,"Athens-Clarke County, GA Metro Area",DC-1
Store-Bogart GA,GA,11/16/2021,8673.39,,DC-1
Store-Bogart GA,GA,11/16/2021,1078.30,"Athens-Clarke County, GA Metro Area",DC-1
Store-Bogart GA,GA,11/17/2021,6614.93,,DC-1
Store-Bogart GA,GA,11/17/2021,990.81,"Athens-Clarke County, GA Metro Area",DC-1
Store-Bogart GA,GA,11/18/2021,6385.90,,DC-1
Store-Bogart GA,GA,11/18/2021,1143.46,"Athens-Clarke County, GA Metro Area",DC-1
Store-Bogart GA,GA,11/19/2021,4329.08,"Athens-Clarke County, GA Metro Area",DC-1
Store-Bogart GA,GA,11/22/2021,669.89,"Athens-Clarke County, GA Metro Area",DC-1
Store-Bogart GA,GA,11/23/2021,9134.42,"Athens-Clarke County, GA Metro Area",DC-1
Store-Bogart GA,GA,11/24/2021,2567.32,"Athens-Clarke County, GA Metro Area",DC-1
Store-Bogart GA,GA,11/29/2021,8156.72,,DC-1
Store-Bogart GA,GA,11/29/2021,3178.67,"Athens-Clarke County, GA Metro Area",DC-1
Store-Bogart GA,GA,11/30/2021,9492.61,,DC-1
Store-Bogart GA,GA,11/30/2021,1479.41,"Athens-Clarke County, GA Metro Area",DC-1
Store-Bogart GA,GA,12/1/2021,5872.24,,DC-1
Store-Bogart GA,GA,12/1/2021,5788.24,"Athens-Clarke County, GA Metro Area",DC-1
Store-Bogart GA,GA,12/2/2021,7419.22,,DC-1
Store-Bogart GA,GA,12/2/2021,800.39,"Athens-Clarke County, GA Metro Area",DC-1
Store-Bogart GA,GA,12/3/2021,5946.75,,DC-1
Store-Bogart GA,GA,12/3/2021,864.40,"Athens-Clarke County, GA Metro Area",DC-1
Store-Bogart GA,GA,12/6/2021,8918.02,,DC-1
Store-Bogart GA,GA,12/6/2021,1018.93,"Athens-Clarke County, GA Metro Area",DC-1
Store-Bogart GA,GA,12/7/2021,8920.28,,DC-1
Store-Bogart GA,GA,12/7/2021,524.10,"Athens-Clarke County, GA Metro Area",DC-1
Store-Bogart GA,GA,12/8/2021,6062.18,,DC-1
Store-Bogart GA,GA,12/8/2021,1688.34,"Athens-Clarke County, GA Metro Area",DC-1
Store-Bogart GA,GA,12/9/2021,7619.95,,DC-1
Store-Bogart GA,GA,12/9/2021,1536.09,"Athens-Clarke County, GA Metro Area",DC-1
Store-Bogart GA,GA,12/10/2021,4858.14,,DC-1
Store-Bogart GA,GA,12/10/2021,795.50,"Athens-Clarke County, GA Metro Area",DC-1
Store-Bogart GA,GA,12/13/2021,8106.39,,DC-1
Store-Bogart GA,GA,12/13/2021,1197.22,"Athens-Clarke County, GA Metro Area",DC-1
Store-Bogart GA,GA,12/14/2021,8103.19,,DC-1
Store-Bogart GA,GA,12/14/2021,895.89,"Athens-Clarke County, GA Metro Area",DC-1
Store-Bogart GA,GA,12/15/2021,7362.94,,DC-1
Store-Bogart GA,GA,12/15/2021,734.96,"Athens-Clarke County, GA Metro Area",DC-1
Store-Bogart GA,GA,12/16/2021,6499.83,,DC-1
Store-Bogart GA,GA,12/16/2021,841.76,"Athens-Clarke County, GA Metro Area",DC-1
Store-Bogart GA,GA,12/17/2021,5690.97,,DC-1
Store-Bogart GA,GA,12/17/2021,597.58,"Athens-Clarke County, GA Metro Area",DC-1
Store-Bogart GA,GA,12/20/2021,182.61,"Athens-Clarke County, GA Metro Area",DC-1
Store-Bogart GA,GA,12/21/2021,8109.15,,DC-1
Store-Bogart GA,GA,12/21/2021,91.39,"Athens-Clarke County, GA Metro Area",DC-1
Store-Bogart GA,GA,12/22/2021,5946.39,,DC-1
Store-Bogart GA,GA,12/22/2021,2725.39,"Athens-Clarke County, GA Metro Area",DC-1
Store-Bogart GA,GA,12/27/2021,6481.67,"Athens-Clarke County, GA Metro Area",DC-1
Store-Bogart GA,GA,12/28/2021,8354.88,,DC-1
Store-Bogart GA,GA,12/28/2021,828.41,"Athens-Clarke County, GA Metro Area",DC-1
Store-Bogart GA,GA,12/29/2021,7797.90,,DC-1
Store-Bogart GA,GA,12/29/2021,2400.38,"Athens-Clarke County, GA Metro Area",DC-1
Store-Bogart GA,GA,12/30/2021,6548.63,,DC-1
Store-Bogart GA,GA,12/30/2021,649.75,"Athens-Clarke County, GA Metro Area",DC-1
Store-Broomall PA,PA,1/2/2020,17182.68,"Philadelphia-Camden-Wilmington, PA-NJ-DE-MD Metro",DC-2
Store-Broomall PA,PA,1/3/2020,4273.91,"Philadelphia-Camden-Wilmington, PA-NJ-DE-MD Metro",DC-2
Store-Broomall PA,PA,1/6/2020,14866.40,"Philadelphia-Camden-Wilmington, PA-NJ-DE-MD Metro",DC-2
Store-Broomall PA,PA,1/7/2020,8276.03,"Philadelphia-Camden-Wilmington, PA-NJ-DE-MD Metro",DC-2
Store-Broomall PA,PA,1/8/2020,4201.38,"Philadelphia-Camden-Wilmington, PA-NJ-DE-MD Metro",DC-2
Store-Broomall PA,PA,1/9/2020,5946.03,"Philadelphia-Camden-Wilmington, PA-NJ-DE-MD Metro",DC-2
Store-Broomall PA,PA,1/10/2020,12252.23,"Philadelphia-Camden-Wilmington, PA-NJ-DE-MD Metro",DC-2
Store-Broomall PA,PA,1/13/2020,12889.57,"Philadelphia-Camden-Wilmington, PA-NJ-DE-MD Metro",DC-2
Store-Broomall PA,PA,1/14/2020,3756.47,"Philadelphia-Camden-Wilmington, PA-NJ-DE-MD Metro",DC-2
Store-Broomall PA,PA,1/15/2020,8034.96,"Philadelphia-Camden-Wilmington, PA-NJ-DE-MD Metro",DC-2
Store-Broomall PA,PA,1/16/2020,9251.07,"Philadelphia-Camden-Wilmington, PA-NJ-DE-MD Metro",DC-2
Store-Broomall PA,PA,1/17/2020,4332.74,"Philadelphia-Camden-Wilmington, PA-NJ-DE-MD Metro",DC-2
Store-Broomall PA,PA,1/20/2020,4884.73,"Philadelphia-Camden-Wilmington, PA-NJ-DE-MD Metro",DC-2
Store-Broomall PA,PA,1/21/2020,9446.60,"Philadelphia-Camden-Wilmington, PA-NJ-DE-MD Metro",DC-2
Store-Broomall PA,PA,1/22/2020,4577.00,"Philadelphia-Camden-Wilmington, PA-NJ-DE-MD Metro",DC-2
Store-Broomall PA,PA,1/23/2020,10570.39,"Philadelphia-Camden-Wilmington, PA-NJ-DE-MD Metro",DC-2
Store-Broomall PA,PA,1/24/2020,7044.09,"Philadelphia-Camden-Wilmington, PA-NJ-DE-MD Metro",DC-2
Store-Broomall PA,PA,1/27/2020,11530.83,"Philadelphia-Camden-Wilmington, PA-NJ-DE-MD Metro",DC-2
Store-Broomall PA,PA,1/28/2020,4468.67,"Philadelphia-Camden-Wilmington, PA-NJ-DE-MD Metro",DC-2
Store-Broomall PA,PA,1/29/2020,5199.26,"Philadelphia-Camden-Wilmington, PA-NJ-DE-MD Metro",DC-2
Store-Broomall PA,PA,1/30/2020,4816.57,"Philadelphia-Camden-Wilmington, PA-NJ-DE-MD Metro",DC-2
Store-Broomall PA,PA,1/31/2020,2660.51,"Philadelphia-Camden-Wilmington, PA-NJ-DE-MD Metro",DC-2
Store-Broomall PA,PA,2/3/2020,19606.63,"Philadelphia-Camden-Wilmington, PA-NJ-DE-MD Metro",DC-2
Store-Broomall PA,PA,2/4/2020,7862.36,"Philadelphia-Camden-Wilmington, PA-NJ-DE-MD Metro",DC-2
Store-Broomall PA,PA,2/5/2020,8365.79,"Philadelphia-Camden-Wilmington, PA-NJ-DE-MD Metro",DC-2
Store-Broomall PA,PA,2/6/2020,11489.79,"Philadelphia-Camden-Wilmington, PA-NJ-DE-MD Metro",DC-2
Store-Broomall PA,PA,2/7/2020,3413.08,"Philadelphia-Camden-Wilmington, PA-NJ-DE-MD Metro",DC-2
Store-Broomall PA,PA,2/10/2020,5805.20,"Philadelphia-Camden-Wilmington, PA-NJ-DE-MD Metro",DC-2
Store-Broomall PA,PA,2/11/2020,10538.14,"Philadelphia-Camden-Wilmington, PA-NJ-DE-MD Metro",DC-2
Store-Broomall PA,PA,2/12/2020,3367.47,"Philadelphia-Camden-Wilmington, PA-NJ-DE-MD Metro",DC-2
Store-Broomall PA,PA,2/13/2020,11990.95,"Philadelphia-Camden-Wilmington, PA-NJ-DE-MD Metro",DC-2
Store-Broomall PA,PA,2/14/2020,4817.10,"Philadelphia-Camden-Wilmington, PA-NJ-DE-MD Metro",DC-2
Store-Broomall PA,PA,2/17/2020,7481.67,"Philadelphia-Camden-Wilmington, PA-NJ-DE-MD Metro",DC-2
Store-Broomall PA,PA,2/18/2020,5419.55,"Philadelphia-Camden-Wilmington, PA-NJ-DE-MD Metro",DC-2
Store-Broomall PA,PA,2/19/2020,3887.10,"Philadelphia-Camden-Wilmington, PA-NJ-DE-MD Metro",DC-2
Store-Broomall PA,PA,2/20/2020,9669.12,"Philadelphia-Camden-Wilmington, PA-NJ-DE-MD Metro",DC-2
Store-Broomall PA,PA,2/21/2020,5360.54,"Philadelphia-Camden-Wilmington, PA-NJ-DE-MD Metro",DC-2
Store-Broomall PA,PA,2/24/2020,4475.26,"Philadelphia-Camden-Wilmington, PA-NJ-DE-MD Metro",DC-2
Store-Broomall PA,PA,2/25/2020,3117.80,"Philadelphia-Camden-Wilmington, PA-NJ-DE-MD Metro",DC-2
Store-Broomall PA,PA,2/26/2020,3595.36,"Philadelphia-Camden-Wilmington, PA-NJ-DE-MD Metro",DC-2
Store-Broomall PA,PA,2/27/2020,4051.96,"Philadelphia-Camden-Wilmington, PA-NJ-DE-MD Metro",DC-2
Store-Broomall PA,PA,2/28/2020,3978.60,"Philadelphia-Camden-Wilmington, PA-NJ-DE-MD Metro",DC-2
Store-Broomall PA,PA,3/2/2020,20879.08,"Philadelphia-Camden-Wilmington, PA-NJ-DE-MD Metro",DC-2
Store-Broomall PA,PA,3/3/2020,8531.74,"Philadelphia-Camden-Wilmington, PA-NJ-DE-MD Metro",DC-2
Store-Broomall PA,PA,3/4/2020,5653.15,"Philadelphia-Camden-Wilmington, PA-NJ-DE-MD Metro",DC-2
Store-Broomall PA,PA,3/5/2020,9425.37,"Philadelphia-Camden-Wilmington, PA-NJ-DE-MD Metro",DC-2
Store-Broomall PA,PA,3/6/2020,2844.48,"Philadelphia-Camden-Wilmington, PA-NJ-DE-MD Metro",DC-2
Store-Broomall PA,PA,3/9/2020,10690.98,"Philadelphia-Camden-Wilmington, PA-NJ-DE-MD Metro",DC-2
Store-Broomall PA,PA,3/10/2020,5414.27,"Philadelphia-Camden-Wilmington, PA-NJ-DE-MD Metro",DC-2
Store-Broomall PA,PA,3/11/2020,6820.47,"Philadelphia-Camden-Wilmington, PA-NJ-DE-MD Metro",DC-2
Store-Broomall PA,PA,3/12/2020,8377.15,"Philadelphia-Camden-Wilmington, PA-NJ-DE-MD Metro",DC-2
Store-Broomall PA,PA,3/13/2020,4686.77,"Philadelphia-Camden-Wilmington, PA-NJ-DE-MD Metro",DC-2
Store-Broomall PA,PA,3/16/2020,7395.18,"Philadelphia-Camden-Wilmington, PA-NJ-DE-MD Metro",DC-2
Store-Broomall PA,PA,3/17/2020,13867.64,"Philadelphia-Camden-Wilmington, PA-NJ-DE-MD Metro",DC-2
Store-Broomall PA,PA,3/18/2020,3576.29,"Philadelphia-Camden-Wilmington, PA-NJ-DE-MD Metro",DC-2
Store-Broomall PA,PA,3/19/2020,8031.85,"Philadelphia-Camden-Wilmington, PA-NJ-DE-MD Metro",DC-2
Store-Broomall PA,PA,3/20/2020,1565.49,"Philadelphia-Camden-Wilmington, PA-NJ-DE-MD Metro",DC-2
Store-Broomall PA,PA,3/23/2020,7210.23,"Philadelphia-Camden-Wilmington, PA-NJ-DE-MD Metro",DC-2
Store-Broomall PA,PA,3/24/2020,3972.68,"Philadelphia-Camden-Wilmington, PA-NJ-DE-MD Metro",DC-2
Store-Broomall PA,PA,3/25/2020,3444.57,"Philadelphia-Camden-Wilmington, PA-NJ-DE-MD Metro",DC-2
Store-Broomall PA,PA,3/26/2020,4310.40,"Philadelphia-Camden-Wilmington, PA-NJ-DE-MD Metro",DC-2
Store-Broomall PA,PA,3/27/2020,2079.23,"Philadelphia-Camden-Wilmington, PA-NJ-DE-MD Metro",DC-2
Store-Broomall PA,PA,3/30/2020,3459.44,"Philadelphia-Camden-Wilmington, PA-NJ-DE-MD Metro",DC-2
Store-Broomall PA,PA,3/31/2020,2855.15,"Philadelphia-Camden-Wilmington, PA-NJ-DE-MD Metro",DC-2
Store-Broomall PA,PA,4/1/2020,3959.08,"Philadelphia-Camden-Wilmington, PA-NJ-DE-MD Metro",DC-2
Store-Broomall PA,PA,4/2/2020,3443.04,"Philadelphia-Camden-Wilmington, PA-NJ-DE-MD Metro",DC-2
Store-Broomall PA,PA,4/3/2020,2723.30,"Philadelphia-Camden-Wilmington, PA-NJ-DE-MD Metro",DC-2
Store-Broomall PA,PA,4/6/2020,4596.32,"Philadelphia-Camden-Wilmington, PA-NJ-DE-MD Metro",DC-2
Store-Broomall PA,PA,4/7/2020,4282.34,"Philadelphia-Camden-Wilmington, PA-NJ-DE-MD Metro",DC-2
Store-Broomall PA,PA,4/8/2020,1657.79,"Philadelphia-Camden-Wilmington, PA-NJ-DE-MD Metro",DC-2
Store-Broomall PA,PA,4/9/2020,3336.19,"Philadelphia-Camden-Wilmington, PA-NJ-DE-MD Metro",DC-2
Store-Broomall PA,PA,4/10/2020,1031.63,"Philadelphia-Camden-Wilmington, PA-NJ-DE-MD Metro",DC-2
Store-Broomall PA,PA,4/13/2020,5244.80,"Philadelphia-Camden-Wilmington, PA-NJ-DE-MD Metro",DC-2
Store-Broomall PA,PA,4/14/2020,4407.72,"Philadelphia-Camden-Wilmington, PA-NJ-DE-MD Metro",DC-2
Store-Broomall PA,PA,4/15/2020,4212.90,"Philadelphia-Camden-Wilmington, PA-NJ-DE-MD Metro",DC-2
Store-Broomall PA,PA,4/16/2020,5022.65,"Philadelphia-Camden-Wilmington, PA-NJ-DE-MD Metro",DC-2
Store-Broomall PA,PA,4/17/2020,3811.26,"Philadelphia-Camden-Wilmington, PA-NJ-DE-MD Metro",DC-2
Store-Broomall PA,PA,4/20/2020,4727.67,"Philadelphia-Camden-Wilmington, PA-NJ-DE-MD Metro",DC-2
Store-Broomall PA,PA,4/21/2020,2965.60,"Philadelphia-Camden-Wilmington, PA-NJ-DE-MD Metro",DC-2
Store-Broomall PA,PA,4/22/2020,5761.93,"Philadelphia-Camden-Wilmington, PA-NJ-DE-MD Metro",DC-2
Store-Broomall PA,PA,4/23/2020,4361.71,"Philadelphia-Camden-Wilmington, PA-NJ-DE-MD Metro",DC-2
Store-Broomall PA,PA,4/24/2020,1968.65,"Philadelphia-Camden-Wilmington, PA-NJ-DE-MD Metro",DC-2
Store-Broomall PA,PA,4/27/2020,3454.77,"Philadelphia-Camden-Wilmington, PA-NJ-DE-MD Metro",DC-2
Store-Broomall PA,PA,4/28/2020,2514.39,"Philadelphia-Camden-Wilmington, PA-NJ-DE-MD Metro",DC-2
Store-Broomall PA,PA,4/29/2020,4980.09,"Philadelphia-Camden-Wilmington, PA-NJ-DE-MD Metro",DC-2
Store-Broomall PA,PA,4/30/2020,3441.03,"Philadelphia-Camden-Wilmington, PA-NJ-DE-MD Metro",DC-2
Store-Broomall PA,PA,5/1/2020,4972.49,"Philadelphia-Camden-Wilmington, PA-NJ-DE-MD Metro",DC-2
Store-Broomall PA,PA,5/4/2020,5910.17,"Philadelphia-Camden-Wilmington, PA-NJ-DE-MD Metro",DC-2
Store-Broomall PA,PA,5/5/2020,8746.59,"Philadelphia-Camden-Wilmington, PA-NJ-DE-MD Metro",DC-2
Store-Broomall PA,PA,5/6/2020,5785.69,"Philadelphia-Camden-Wilmington, PA-NJ-DE-MD Metro",DC-2
Store-Broomall PA,PA,5/7/2020,3897.41,"Philadelphia-Camden-Wilmington, PA-NJ-DE-MD Metro",DC-2
Store-Broomall PA,PA,5/11/2020,4778.60,"Philadelphia-Camden-Wilmington, PA-NJ-DE-MD Metro",DC-2
Store-Broomall PA,PA,5/12/2020,6889.70,"Philadelphia-Camden-Wilmington, PA-NJ-DE-MD Metro",DC-2
Store-Broomall PA,PA,5/13/2020,8753.80,"Philadelphia-Camden-Wilmington, PA-NJ-DE-MD Metro",DC-2
Store-Broomall PA,PA,5/14/2020,6972.36,"Philadelphia-Camden-Wilmington, PA-NJ-DE-MD Metro",DC-2
Store-Broomall PA,PA,5/15/2020,4680.29,"Philadelphia-Camden-Wilmington, PA-NJ-DE-MD Metro",DC-2
Store-Broomall PA,PA,5/18/2020,7010.91,"Philadelphia-Camden-Wilmington, PA-NJ-DE-MD Metro",DC-2
Store-Broomall PA,PA,5/19/2020,6202.45,"Philadelphia-Camden-Wilmington, PA-NJ-DE-MD Metro",DC-2
Store-Broomall PA,PA,5/20/2020,5993.50,"Philadelphia-Camden-Wilmington, PA-NJ-DE-MD Metro",DC-2
Store-Broomall PA,PA,5/21/2020,8457.52,"Philadelphia-Camden-Wilmington, PA-NJ-DE-MD Metro",DC-2
Store-Broomall PA,PA,5/22/2020,5543.30,"Philadelphia-Camden-Wilmington, PA-NJ-DE-MD Metro",DC-2
Store-Broomall PA,PA,5/26/2020,8317.84,"Philadelphia-Camden-Wilmington, PA-NJ-DE-MD Metro",DC-2
Store-Broomall PA,PA,5/27/2020,7952.74,"Philadelphia-Camden-Wilmington, PA-NJ-DE-MD Metro",DC-2
Store-Broomall PA,PA,5/28/2020,5282.87,"Philadelphia-Camden-Wilmington, PA-NJ-DE-MD Metro",DC-2
Store-Broomall PA,PA,5/29/2020,3327.87,"Philadelphia-Camden-Wilmington, PA-NJ-DE-MD Metro",DC-2
Store-Broomall PA,PA,6/1/2020,13627.39,"Philadelphia-Camden-Wilmington, PA-NJ-DE-MD Metro",DC-2
Store-Broomall PA,PA,6/2/2020,16491.72,"Philadelphia-Camden-Wilmington, PA-NJ-DE-MD Metro",DC-2
Store-Broomall PA,PA,6/3/2020,8566.93,"Philadelphia-Camden-Wilmington, PA-NJ-DE-MD Metro",DC-2
Store-Broomall PA,PA,6/4/2020,8891.18,"Philadelphia-Camden-Wilmington, PA-NJ-DE-MD Metro",DC-2
Store-Broomall PA,PA,6/5/2020,9278.16,"Philadelphia-Camden-Wilmington, PA-NJ-DE-MD Metro",DC-2
Store-Broomall PA,PA,6/8/2020,8155.76,"Philadelphia-Camden-Wilmington, PA-NJ-DE-MD Metro",DC-2
Store-Broomall PA,PA,6/9/2020,6141.69,"Philadelphia-Camden-Wilmington, PA-NJ-DE-MD Metro",DC-2
Store-Broomall PA,PA,6/10/2020,10061.28,"Philadelphia-Camden-Wilmington, PA-NJ-DE-MD Metro",DC-2
Store-Broomall PA,PA,6/11/2020,6149.88,"Philadelphia-Camden-Wilmington, PA-NJ-DE-MD Metro",DC-2
Store-Broomall PA,PA,6/12/2020,9628.16,"Philadelphia-Camden-Wilmington, PA-NJ-DE-MD Metro",DC-2
Store-Broomall PA,PA,6/15/2020,5594.84,"Philadelphia-Camden-Wilmington, PA-NJ-DE-MD Metro",DC-2
Store-Broomall PA,PA,6/16/2020,6208.37,"Philadelphia-Camden-Wilmington, PA-NJ-DE-MD Metro",DC-2
Store-Broomall PA,PA,6/17/2020,8833.37,"Philadelphia-Camden-Wilmington, PA-NJ-DE-MD Metro",DC-2
Store-Broomall PA,PA,6/18/2020,9115.89,"Philadelphia-Camden-Wilmington, PA-NJ-DE-MD Metro",DC-2
Store-Broomall PA,PA,6/19/2020,8649.05,"Philadelphia-Camden-Wilmington, PA-NJ-DE-MD Metro",DC-2
Store-Broomall PA,PA,6/22/2020,11375.15,"Philadelphia-Camden-Wilmington, PA-NJ-DE-MD Metro",DC-2
Store-Broomall PA,PA,6/23/2020,11326.47,"Philadelphia-Camden-Wilmington, PA-NJ-DE-MD Metro",DC-2
Store-Broomall PA,PA,6/24/2020,8909.51,"Philadelphia-Camden-Wilmington, PA-NJ-DE-MD Metro",DC-2
Store-Broomall PA,PA,6/25/2020,7102.93,"Philadelphia-Camden-Wilmington, PA-NJ-DE-MD Metro",DC-2
Store-Broomall PA,PA,6/26/2020,7989.98,"Philadelphia-Camden-Wilmington, PA-NJ-DE-MD Metro",DC-2
Store-Broomall PA,PA,6/29/2020,5599.66,"Philadelphia-Camden-Wilmington, PA-NJ-DE-MD Metro",DC-2
Store-Broomall PA,PA,6/30/2020,8292.88,"Philadelphia-Camden-Wilmington, PA-NJ-DE-MD Metro",DC-2
Store-Broomall PA,PA,7/1/2020,14036.78,"Philadelphia-Camden-Wilmington, PA-NJ-DE-MD Metro",DC-2
Store-Broomall PA,PA,7/2/2020,9360.61,"Philadelphia-Camden-Wilmington, PA-NJ-DE-MD Metro",DC-2
Store-Broomall PA,PA,7/6/2020,16268.04,"Philadelphia-Camden-Wilmington, PA-NJ-DE-MD Metro",DC-2
Store-Broomall PA,PA,7/7/2020,5801.56,"Philadelphia-Camden-Wilmington, PA-NJ-DE-MD Metro",DC-2
Store-Broomall PA,PA,7/8/2020,13413.49,"Philadelphia-Camden-Wilmington, PA-NJ-DE-MD Metro",DC-2
Store-Broomall PA,PA,7/9/2020,5636.11,"Philadelphia-Camden-Wilmington, PA-NJ-DE-MD Metro",DC-2
Store-Broomall PA,PA,7/10/2020,12473.34,"Philadelphia-Camden-Wilmington, PA-NJ-DE-MD Metro",DC-2
Store-Broomall PA,PA,7/13/2020,7522.89,"Philadelphia-Camden-Wilmington, PA-NJ-DE-MD Metro",DC-2
Store-Broomall PA,PA,7/14/2020,9255.87,"Philadelphia-Camden-Wilmington, PA-NJ-DE-MD Metro",DC-2
Store-Broomall PA,PA,7/15/2020,11096.25,"Philadelphia-Camden-Wilmington, PA-NJ-DE-MD Metro",DC-2
Store-Broomall PA,PA,7/16/2020,6208.53,"Philadelphia-Camden-Wilmington, PA-NJ-DE-MD Metro",DC-2
Store-Broomall PA,PA,7/17/2020,10605.34,"Philadelphia-Camden-Wilmington, PA-NJ-DE-MD Metro",DC-2
Store-Broomall PA,PA,7/20/2020,9276.84,"Philadelphia-Camden-Wilmington, PA-NJ-DE-MD Metro",DC-2
Store-Broomall PA,PA,7/21/2020,7984.25,"Philadelphia-Camden-Wilmington, PA-NJ-DE-MD Metro",DC-2
Store-Broomall PA,PA,7/22/2020,11328.20,"Philadelphia-Camden-Wilmington, PA-NJ-DE-MD Metro",DC-2
Store-Broomall PA,PA,7/23/2020,9457.21,"Philadelphia-Camden-Wilmington, PA-NJ-DE-MD Metro",DC-2
Store-Broomall PA,PA,7/24/2020,7221.87,"Philadelphia-Camden-Wilmington, PA-NJ-DE-MD Metro",DC-2
Store-Broomall PA,PA,7/27/2020,7539.76,"Philadelphia-Camden-Wilmington, PA-NJ-DE-MD Metro",DC-2
Store-Broomall PA,PA,7/28/2020,11595.02,"Philadelphia-Camden-Wilmington, PA-NJ-DE-MD Metro",DC-2
Store-Broomall PA,PA,7/29/2020,8678.10,"Philadelphia-Camden-Wilmington, PA-NJ-DE-MD Metro",DC-2
Store-Broomall PA,PA,7/30/2020,6260.53,"Philadelphia-Camden-Wilmington, PA-NJ-DE-MD Metro",DC-2
Store-Broomall PA,PA,7/31/2020,5714.55,"Philadelphia-Camden-Wilmington, PA-NJ-DE-MD Metro",DC-2
Store-Broomall PA,PA,8/3/2020,16411.18,"Philadelphia-Camden-Wilmington, PA-NJ-DE-MD Metro",DC-2
Store-Broomall PA,PA,8/4/2020,5921.09,"Philadelphia-Camden-Wilmington, PA-NJ-DE-MD Metro",DC-2
Store-Broomall PA,PA,8/5/2020,10403.93,"Philadelphia-Camden-Wilmington, PA-NJ-DE-MD Metro",DC-2
Store-Broomall PA,PA,8/6/2020,10809.71,"Philadelphia-Camden-Wilmington, PA-NJ-DE-MD Metro",DC-2
Store-Broomall PA,PA,8/7/2020,9010.90,"Philadelphia-Camden-Wilmington, PA-NJ-DE-MD Metro",DC-2
Store-Broomall PA,PA,8/10/2020,9707.13,"Philadelphia-Camden-Wilmington, PA-NJ-DE-MD Metro",DC-2
Store-Broomall PA,PA,8/11/2020,7319.78,"Philadelphia-Camden-Wilmington, PA-NJ-DE-MD Metro",DC-2
Store-Broomall PA,PA,8/12/2020,7797.76,"Philadelphia-Camden-Wilmington, PA-NJ-DE-MD Metro",DC-2
Store-Broomall PA,PA,8/13/2020,6317.77,"Philadelphia-Camden-Wilmington, PA-NJ-DE-MD Metro",DC-2
Store-Broomall PA,PA,8/14/2020,3937.98,"Philadelphia-Camden-Wilmington, PA-NJ-DE-MD Metro",DC-2
Store-Broomall PA,PA,8/17/2020,14020.10,"Philadelphia-Camden-Wilmington, PA-NJ-DE-MD Metro",DC-2
Store-Broomall PA,PA,8/18/2020,7875.02,"Philadelphia-Camden-Wilmington, PA-NJ-DE-MD Metro",DC-2
Store-Broomall PA,PA,8/19/2020,6603.40,"Philadelphia-Camden-Wilmington, PA-NJ-DE-MD Metro",DC-2
Store-Broomall PA,PA,8/20/2020,10300.31,"Philadelphia-Camden-Wilmington, PA-NJ-DE-MD Metro",DC-2
Store-Broomall PA,PA,8/21/2020,6447.00,"Philadelphia-Camden-Wilmington, PA-NJ-DE-MD Metro",DC-2
Store-Broomall PA,PA,8/24/2020,8873.73,"Philadelphia-Camden-Wilmington, PA-NJ-DE-MD Metro",DC-2
Store-Broomall PA,PA,8/25/2020,4117.23,"Philadelphia-Camden-Wilmington, PA-NJ-DE-MD Metro",DC-2
Store-Broomall PA,PA,8/26/2020,7676.59,"Philadelphia-Camden-Wilmington, PA-NJ-DE-MD Metro",DC-2
Store-Broomall PA,PA,8/27/2020,7497.85,"Philadelphia-Camden-Wilmington, PA-NJ-DE-MD Metro",DC-2
Store-Broomall PA,PA,8/28/2020,6314.24,"Philadelphia-Camden-Wilmington, PA-NJ-DE-MD Metro",DC-2
Store-Broomall PA,PA,8/31/2020,7550.11,"Philadelphia-Camden-Wilmington, PA-NJ-DE-MD Metro",DC-2
Store-Broomall PA,PA,9/1/2020,24984.34,"Philadelphia-Camden-Wilmington, PA-NJ-DE-MD Metro",DC-2
Store-Broomall PA,PA,9/2/2020,4951.19,"Philadelphia-Camden-Wilmington, PA-NJ-DE-MD Metro",DC-2
Store-Broomall PA,PA,9/3/2020,10154.64,"Philadelphia-Camden-Wilmington, PA-NJ-DE-MD Metro",DC-2
Store-Broomall PA,PA,9/4/2020,12045.68,"Philadelphia-Camden-Wilmington, PA-NJ-DE-MD Metro",DC-2
Store-Broomall PA,PA,9/8/2020,7334.02,"Philadelphia-Camden-Wilmington, PA-NJ-DE-MD Metro",DC-2
Store-Broomall PA,PA,9/9/2020,5618.66,"Philadelphia-Camden-Wilmington, PA-NJ-DE-MD Metro",DC-2
Store-Broomall PA,PA,9/10/2020,13343.04,"Philadelphia-Camden-Wilmington, PA-NJ-DE-MD Metro",DC-2
Store-Broomall PA,PA,9/11/2020,8385.01,"Philadelphia-Camden-Wilmington, PA-NJ-DE-MD Metro",DC-2
Store-Broomall PA,PA,9/14/2020,11198.73,"Philadelphia-Camden-Wilmington, PA-NJ-DE-MD Metro",DC-2
Store-Broomall PA,PA,9/15/2020,7148.45,"Philadelphia-Camden-Wilmington, PA-NJ-DE-MD Metro",DC-2
Store-Broomall PA,PA,9/16/2020,4128.66,"Philadelphia-Camden-Wilmington, PA-NJ-DE-MD Metro",DC-2
Store-Broomall PA,PA,9/17/2020,10200.63,"Philadelphia-Camden-Wilmington, PA-NJ-DE-MD Metro",DC-2
Store-Broomall PA,PA,9/18/2020,13644.24,"Philadelphia-Camden-Wilmington, PA-NJ-DE-MD Metro",DC-2
Store-Broomall PA,PA,9/21/2020,8340.17,"Philadelphia-Camden-Wilmington, PA-NJ-DE-MD Metro",DC-2
Store-Broomall PA,PA,9/22/2020,7014.79,"Philadelphia-Camden-Wilmington, PA-NJ-DE-MD Metro",DC-2
Store-Broomall PA,PA,9/23/2020,12287.78,"Philadelphia-Camden-Wilmington, PA-NJ-DE-MD Metro",DC-2
Store-Broomall PA,PA,9/24/2020,7544.37,"Philadelphia-Camden-Wilmington, PA-NJ-DE-MD Metro",DC-2
Store-Broomall PA,PA,9/25/2020,4525.57,"Philadelphia-Camden-Wilmington, PA-NJ-DE-MD Metro",DC-2
Store-Broomall PA,PA,9/28/2020,11833.33,"Philadelphia-Camden-Wilmington, PA-NJ-DE-MD Metro",DC-2
Store-Broomall PA,PA,9/29/2020,5192.96,"Philadelphia-Camden-Wilmington, PA-NJ-DE-MD Metro",DC-2
Store-Broomall PA,PA,9/30/2020,5883.12,"Philadelphia-Camden-Wilmington, PA-NJ-DE-MD Metro",DC-2
Store-Broomall PA,PA,10/1/2020,21502.77,"Philadelphia-Camden-Wilmington, PA-NJ-DE-MD Metro",DC-2
Store-Broomall PA,PA,10/2/2020,6645.11,"Philadelphia-Camden-Wilmington, PA-NJ-DE-MD Metro",DC-2
Store-Broomall PA,PA,10/5/2020,10338.41,"Philadelphia-Camden-Wilmington, PA-NJ-DE-MD Metro",DC-2
Store-Broomall PA,PA,10/6/2020,13791.19,"Philadelphia-Camden-Wilmington, PA-NJ-DE-MD Metro",DC-2
Store-Broomall PA,PA,10/7/2020,7626.54,"Philadelphia-Camden-Wilmington, PA-NJ-DE-MD Metro",DC-2
Store-Broomall PA,PA,10/8/2020,7393.45,"Philadelphia-Camden-Wilmington, PA-NJ-DE-MD Metro",DC-2
Store-Broomall PA,PA,10/9/2020,14556.65,"Philadelphia-Camden-Wilmington, PA-NJ-DE-MD Metro",DC-2
Store-Broomall PA,PA,10/12/2020,10846.30,"Philadelphia-Camden-Wilmington, PA-NJ-DE-MD Metro",DC-2
Store-Broomall PA,PA,10/13/2020,13272.23,"Philadelphia-Camden-Wilmington, PA-NJ-DE-MD Metro",DC-2
Store-Broomall PA,PA,10/14/2020,12415.73,"Philadelphia-Camden-Wilmington, PA-NJ-DE-MD Metro",DC-2
Store-Broomall PA,PA,10/15/2020,15749.95,"Philadelphia-Camden-Wilmington, PA-NJ-DE-MD Metro",DC-2
Store-Broomall PA,PA,10/16/2020,6203.70,"Philadelphia-Camden-Wilmington, PA-NJ-DE-MD Metro",DC-2
Store-Broomall PA,PA,10/19/2020,12452.22,"Philadelphia-Camden-Wilmington, PA-NJ-DE-MD Metro",DC-2
Store-Broomall PA,PA,10/20/2020,6040.38,"Philadelphia-Camden-Wilmington, PA-NJ-DE-MD Metro",DC-2
Store-Broomall PA,PA,10/21/2020,15481.91,"Philadelphia-Camden-Wilmington, PA-NJ-DE-MD Metro",DC-2
Store-Broomall PA,PA,10/22/2020,15562.90,"Philadelphia-Camden-Wilmington, PA-NJ-DE-MD Metro",DC-2
Store-Broomall PA,PA,10/23/2020,9425.06,"Philadelphia-Camden-Wilmington, PA-NJ-DE-MD Metro",DC-2
Store-Broomall PA,PA,10/26/2020,8105.96,"Philadelphia-Camden-Wilmington, PA-NJ-DE-MD Metro",DC-2
Store-Broomall PA,PA,10/27/2020,10274.01,"Philadelphia-Camden-Wilmington, PA-NJ-DE-MD Metro",DC-2
Store-Broomall PA,PA,10/28/2020,39116.02,"Philadelphia-Camden-Wilmington, PA-NJ-DE-MD Metro",DC-2
Store-Broomall PA,PA,10/29/2020,4347.24,"Philadelphia-Camden-Wilmington, PA-NJ-DE-MD Metro",DC-2
Store-Broomall PA,PA,10/30/2020,6665.79,"Philadelphia-Camden-Wilmington, PA-NJ-DE-MD Metro",DC-2
Store-Broomall PA,PA,11/2/2020,21656.04,"Philadelphia-Camden-Wilmington, PA-NJ-DE-MD Metro",DC-2
Store-Broomall PA,PA,11/3/2020,7724.29,"Philadelphia-Camden-Wilmington, PA-NJ-DE-MD Metro",DC-2
Store-Broomall PA,PA,11/4/2020,10601.49,"Philadelphia-Camden-Wilmington, PA-NJ-DE-MD Metro",DC-2
Store-Broomall PA,PA,11/5/2020,4660.21,"Philadelphia-Camden-Wilmington, PA-NJ-DE-MD Metro",DC-2
Store-Broomall PA,PA,11/6/2020,7490.60,"Philadelphia-Camden-Wilmington, PA-NJ-DE-MD Metro",DC-2
Store-Broomall PA,PA,11/9/2020,11821.78,"Philadelphia-Camden-Wilmington, PA-NJ-DE-MD Metro",DC-2
Store-Broomall PA,PA,11/10/2020,6178.19,"Philadelphia-Camden-Wilmington, PA-NJ-DE-MD Metro",DC-2
Store-Broomall PA,PA,11/11/2020,8782.89,"Philadelphia-Camden-Wilmington, PA-NJ-DE-MD Metro",DC-2
Store-Broomall PA,PA,11/12/2020,11838.41,"Philadelphia-Camden-Wilmington, PA-NJ-DE-MD Metro",DC-2
Store-Broomall PA,PA,11/13/2020,4343.91,"Philadelphia-Camden-Wilmington, PA-NJ-DE-MD Metro",DC-2
Store-Broomall PA,PA,11/16/2020,11271.97,"Philadelphia-Camden-Wilmington, PA-NJ-DE-MD Metro",DC-2
Store-Broomall PA,PA,11/17/2020,14016.49,"Philadelphia-Camden-Wilmington, PA-NJ-DE-MD Metro",DC-2
Store-Broomall PA,PA,11/18/2020,5495.61,"Philadelphia-Camden-Wilmington, PA-NJ-DE-MD Metro",DC-2
Store-Broomall PA,PA,11/19/2020,10951.73,"Philadelphia-Camden-Wilmington, PA-NJ-DE-MD Metro",DC-2
Store-Broomall PA,PA,11/20/2020,5656.53,"Philadelphia-Camden-Wilmington, PA-NJ-DE-MD Metro",DC-2
Store-Broomall PA,PA,11/23/2020,7192.20,"Philadelphia-Camden-Wilmington, PA-NJ-DE-MD Metro",DC-2
Store-Broomall PA,PA,11/24/2020,14775.26,"Philadelphia-Camden-Wilmington, PA-NJ-DE-MD Metro",DC-2
Store-Broomall PA,PA,11/25/2020,5615.97,"Philadelphia-Camden-Wilmington, PA-NJ-DE-MD Metro",DC-2
Store-Broomall PA,PA,11/30/2020,11790.73,"Philadelphia-Camden-Wilmington, PA-NJ-DE-MD Metro",DC-2
Store-Broomall PA,PA,12/1/2020,21157.33,"Philadelphia-Camden-Wilmington, PA-NJ-DE-MD Metro",DC-2
Store-Broomall PA,PA,12/2/2020,8390.33,"Philadelphia-Camden-Wilmington, PA-NJ-DE-MD Metro",DC-2
Store-Broomall PA,PA,12/3/2020,5721.25,"Philadelphia-Camden-Wilmington, PA-NJ-DE-MD Metro",DC-2
Store-Broomall PA,PA,12/4/2020,7448.45,"Philadelphia-Camden-Wilmington, PA-NJ-DE-MD Metro",DC-2
Store-Broomall PA,PA,12/7/2020,9881.00,"Philadelphia-Camden-Wilmington, PA-NJ-DE-MD Metro",DC-2
Store-Broomall PA,PA,12/8/2020,10810.50,"Philadelphia-Camden-Wilmington, PA-NJ-DE-MD Metro",DC-2
Store-Broomall PA,PA,12/9/2020,13732.11,"Philadelphia-Camden-Wilmington, PA-NJ-DE-MD Metro",DC-2
Store-Broomall PA,PA,12/10/2020,10028.58,"Philadelphia-Camden-Wilmington, PA-NJ-DE-MD Metro",DC-2
Store-Broomall PA,PA,12/11/2020,4901.03,"Philadelphia-Camden-Wilmington, PA-NJ-DE-MD Metro",DC-2
Store-Broomall PA,PA,12/14/2020,10218.93,"Philadelphia-Camden-Wilmington, PA-NJ-DE-MD Metro",DC-2
Store-Broomall PA,PA,12/15/2020,9699.76,"Philadelphia-Camden-Wilmington, PA-NJ-DE-MD Metro",DC-2
Store-Broomall PA,PA,12/16/2020,3340.09,"Philadelphia-Camden-Wilmington, PA-NJ-DE-MD Metro",DC-2
Store-Broomall PA,PA,12/17/2020,3531.46,"Philadelphia-Camden-Wilmington, PA-NJ-DE-MD Metro",DC-2
Store-Broomall PA,PA,12/18/2020,7732.04,"Philadelphia-Camden-Wilmington, PA-NJ-DE-MD Metro",DC-2
Store-Broomall PA,PA,12/21/2020,10491.39,"Philadelphia-Camden-Wilmington, PA-NJ-DE-MD Metro",DC-2
Store-Broomall PA,PA,12/22/2020,6330.66,"Philadelphia-Camden-Wilmington, PA-NJ-DE-MD Metro",DC-2
Store-Broomall PA,PA,12/23/2020,6693.39,"Philadelphia-Camden-Wilmington, PA-NJ-DE-MD Metro",DC-2
Store-Broomall PA,PA,12/28/2020,13618.80,"Philadelphia-Camden-Wilmington, PA-NJ-DE-MD Metro",DC-2
Store-Broomall PA,PA,12/29/2020,5586.46,"Philadelphia-Camden-Wilmington, PA-NJ-DE-MD Metro",DC-2
Store-Broomall PA,PA,12/30/2020,11727.46,"Philadelphia-Camden-Wilmington, PA-NJ-DE-MD Metro",DC-2
Store-Broomall PA,PA,12/31/2020,4532.08,"Philadelphia-Camden-Wilmington, PA-NJ-DE-MD Metro",DC-2
Store-Broomall PA,PA,1/4/2021,27572.52,"Philadelphia-Camden-Wilmington, PA-NJ-DE-MD Metro",DC-2
Store-Broomall PA,PA,1/5/2021,8303.52,"Philadelphia-Camden-Wilmington, PA-NJ-DE-MD Metro",DC-2
Store-Broomall PA,PA,1/6/2021,6219.95,"Philadelphia-Camden-Wilmington, PA-NJ-DE-MD Metro",DC-2
Store-Broomall PA,PA,1/7/2021,14362.07,"Philadelphia-Camden-Wilmington, PA-NJ-DE-MD Metro",DC-2
Store-Broomall PA,PA,1/8/2021,9307.60,"Philadelphia-Camden-Wilmington, PA-NJ-DE-MD Metro",DC-2
Store-Broomall PA,PA,1/11/2021,9214.35,"Philadelphia-Camden-Wilmington, PA-NJ-DE-MD Metro",DC-2
Store-Broomall PA,PA,1/12/2021,17824.73,"Philadelphia-Camden-Wilmington, PA-NJ-DE-MD Metro",DC-2
Store-Broomall PA,PA,1/13/2021,8315.02,"Philadelphia-Camden-Wilmington, PA-NJ-DE-MD Metro",DC-2
Store-Broomall PA,PA,1/14/2021,7039.65,"Philadelphia-Camden-Wilmington, PA-NJ-DE-MD Metro",DC-2
Store-Broomall PA,PA,1/15/2021,6852.56,"Philadelphia-Camden-Wilmington, PA-NJ-DE-MD Metro",DC-2
Store-Broomall PA,PA,1/18/2021,14504.17,"Philadelphia-Camden-Wilmington, PA-NJ-DE-MD Metro",DC-2
Store-Broomall PA,PA,1/19/2021,10711.35,"Philadelphia-Camden-Wilmington, PA-NJ-DE-MD Metro",DC-2
Store-Broomall PA,PA,1/20/2021,10028.49,"Philadelphia-Camden-Wilmington, PA-NJ-DE-MD Metro",DC-2
Store-Broomall PA,PA,1/21/2021,6061.51,"Philadelphia-Camden-Wilmington, PA-NJ-DE-MD Metro",DC-2
Store-Broomall PA,PA,1/22/2021,10433.06,"Philadelphia-Camden-Wilmington, PA-NJ-DE-MD Metro",DC-2
Store-Broomall PA,PA,1/25/2021,10788.25,"Philadelphia-Camden-Wilmington, PA-NJ-DE-MD Metro",DC-2
Store-Broomall PA,PA,1/26/2021,15527.19,"Philadelphia-Camden-Wilmington, PA-NJ-DE-MD Metro",DC-2
Store-Broomall PA,PA,1/27/2021,12301.45,"Philadelphia-Camden-Wilmington, PA-NJ-DE-MD Metro",DC-2
Store-Broomall PA,PA,1/28/2021,8166.67,"Philadelphia-Camden-Wilmington, PA-NJ-DE-MD Metro",DC-2
Store-Broomall PA,PA,1/29/2021,5522.39,"Philadelphia-Camden-Wilmington, PA-NJ-DE-MD Metro",DC-2
Store-Broomall PA,PA,2/2/2021,4995.44,"Philadelphia-Camden-Wilmington, PA-NJ-DE-MD Metro",DC-2
Store-Broomall PA,PA,2/3/2021,21482.42,"Philadelphia-Camden-Wilmington, PA-NJ-DE-MD Metro",DC-2
Store-Broomall PA,PA,2/4/2021,12473.11,"Philadelphia-Camden-Wilmington, PA-NJ-DE-MD Metro",DC-2
Store-Broomall PA,PA,2/5/2021,10497.94,"Philadelphia-Camden-Wilmington, PA-NJ-DE-MD Metro",DC-2
Store-Broomall PA,PA,2/8/2021,10719.72,"Philadelphia-Camden-Wilmington, PA-NJ-DE-MD Metro",DC-2
Store-Broomall PA,PA,2/9/2021,9369.14,"Philadelphia-Camden-Wilmington, PA-NJ-DE-MD Metro",DC-2
Store-Broomall PA,PA,2/10/2021,8458.17,"Philadelphia-Camden-Wilmington, PA-NJ-DE-MD Metro",DC-2
Store-Broomall PA,PA,2/11/2021,13866.22,"Philadelphia-Camden-Wilmington, PA-NJ-DE-MD Metro",DC-2
Store-Broomall PA,PA,2/12/2021,7291.07,"Philadelphia-Camden-Wilmington, PA-NJ-DE-MD Metro",DC-2
Store-Broomall PA,PA,2/15/2021,14483.89,"Philadelphia-Camden-Wilmington, PA-NJ-DE-MD Metro",DC-2
Store-Broomall PA,PA,2/16/2021,13891.54,"Philadelphia-Camden-Wilmington, PA-NJ-DE-MD Metro",DC-2
Store-Broomall PA,PA,2/17/2021,10349.72,"Philadelphia-Camden-Wilmington, PA-NJ-DE-MD Metro",DC-2
Store-Broomall PA,PA,2/19/2021,6591.49,"Philadelphia-Camden-Wilmington, PA-NJ-DE-MD Metro",DC-2
Store-Broomall PA,PA,2/22/2021,11599.28,"Philadelphia-Camden-Wilmington, PA-NJ-DE-MD Metro",DC-2
Store-Broomall PA,PA,2/23/2021,7434.22,"Philadelphia-Camden-Wilmington, PA-NJ-DE-MD Metro",DC-2
Store-Broomall PA,PA,2/24/2021,10544.81,"Philadelphia-Camden-Wilmington, PA-NJ-DE-MD Metro",DC-2
Store-Broomall PA,PA,2/25/2021,-3138.04,"Philadelphia-Camden-Wilmington, PA-NJ-DE-MD Metro",DC-2
Store-Broomall PA,PA,2/26/2021,16546.74,"Philadelphia-Camden-Wilmington, PA-NJ-DE-MD Metro",DC-2
Store-Broomall PA,PA,3/1/2021,14706.66,"Philadelphia-Camden-Wilmington, PA-NJ-DE-MD Metro",DC-2
Store-Broomall PA,PA,3/2/2021,21372.70,"Philadelphia-Camden-Wilmington, PA-NJ-DE-MD Metro",DC-2
Store-Broomall PA,PA,3/3/2021,14240.15,"Philadelphia-Camden-Wilmington, PA-NJ-DE-MD Metro",DC-2
Store-Broomall PA,PA,3/4/2021,5217.20,"Philadelphia-Camden-Wilmington, PA-NJ-DE-MD Metro",DC-2
Store-Broomall PA,PA,3/5/2021,12737.24,"Philadelphia-Camden-Wilmington, PA-NJ-DE-MD Metro",DC-2
Store-Broomall PA,PA,3/8/2021,12423.55,"Philadelphia-Camden-Wilmington, PA-NJ-DE-MD Metro",DC-2
Store-Broomall PA,PA,3/9/2021,8661.76,"Philadelphia-Camden-Wilmington, PA-NJ-DE-MD Metro",DC-2
Store-Broomall PA,PA,3/10/2021,5580.31,"Philadelphia-Camden-Wilmington, PA-NJ-DE-MD Metro",DC-2
Store-Broomall PA,PA,3/11/2021,6490.12,"Philadelphia-Camden-Wilmington, PA-NJ-DE-MD Metro",DC-2
Store-Broomall PA,PA,3/12/2021,8239.43,"Philadelphia-Camden-Wilmington, PA-NJ-DE-MD Metro",DC-2
Store-Broomall PA,PA,3/15/2021,10171.22,"Philadelphia-Camden-Wilmington, PA-NJ-DE-MD Metro",DC-2
Store-Broomall PA,PA,3/16/2021,10338.78,"Philadelphia-Camden-Wilmington, PA-NJ-DE-MD Metro",DC-2
Store-Broomall PA,PA,3/17/2021,15332.69,"Philadelphia-Camden-Wilmington, PA-NJ-DE-MD Metro",DC-2
Store-Broomall PA,PA,3/18/2021,4544.35,"Philadelphia-Camden-Wilmington, PA-NJ-DE-MD Metro",DC-2
Store-Broomall PA,PA,3/19/2021,5173.88,"Philadelphia-Camden-Wilmington, PA-NJ-DE-MD Metro",DC-2
Store-Broomall PA,PA,3/22/2021,7193.82,"Philadelphia-Camden-Wilmington, PA-NJ-DE-MD Metro",DC-2
Store-Broomall PA,PA,3/23/2021,14167.35,"Philadelphia-Camden-Wilmington, PA-NJ-DE-MD Metro",DC-2
Store-Broomall PA,PA,3/24/2021,8030.81,"Philadelphia-Camden-Wilmington, PA-NJ-DE-MD Metro",DC-2
Store-Broomall PA,PA,3/25/2021,5895.36,"Philadelphia-Camden-Wilmington, PA-NJ-DE-MD Metro",DC-2
Store-Broomall PA,PA,3/26/2021,7812.63,"Philadelphia-Camden-Wilmington, PA-NJ-DE-MD Metro",DC-2
Store-Broomall PA,PA,3/29/2021,12638.22,"Philadelphia-Camden-Wilmington, PA-NJ-DE-MD Metro",DC-2
Store-Broomall PA,PA,3/30/2021,8648.03,"Philadelphia-Camden-Wilmington, PA-NJ-DE-MD Metro",DC-2
Store-Broomall PA,PA,3/31/2021,3809.08,"Philadelphia-Camden-Wilmington, PA-NJ-DE-MD Metro",DC-2
Store-Broomall PA,PA,4/1/2021,30530.48,"Philadelphia-Camden-Wilmington, PA-NJ-DE-MD Metro",DC-2
Store-Broomall PA,PA,4/2/2021,13473.78,"Philadelphia-Camden-Wilmington, PA-NJ-DE-MD Metro",DC-2
Store-Broomall PA,PA,4/5/2021,4083.11,"Philadelphia-Camden-Wilmington, PA-NJ-DE-MD Metro",DC-2
Store-Broomall PA,PA,4/6/2021,9881.69,"Philadelphia-Camden-Wilmington, PA-NJ-DE-MD Metro",DC-2
Store-Broomall PA,PA,4/7/2021,6535.95,"Philadelphia-Camden-Wilmington, PA-NJ-DE-MD Metro",DC-2
Store-Broomall PA,PA,4/8/2021,12655.44,"Philadelphia-Camden-Wilmington, PA-NJ-DE-MD Metro",DC-2
Store-Broomall PA,PA,4/9/2021,9184.49,"Philadelphia-Camden-Wilmington, PA-NJ-DE-MD Metro",DC-2
Store-Broomall PA,PA,4/12/2021,9317.61,"Philadelphia-Camden-Wilmington, PA-NJ-DE-MD Metro",DC-2
Store-Broomall PA,PA,4/13/2021,8750.19,"Philadelphia-Camden-Wilmington, PA-NJ-DE-MD Metro",DC-2
Store-Broomall PA,PA,4/14/2021,13605.50,"Philadelphia-Camden-Wilmington, PA-NJ-DE-MD Metro",DC-2
Store-Broomall PA,PA,4/15/2021,12568.06,"Philadelphia-Camden-Wilmington, PA-NJ-DE-MD Metro",DC-2
Store-Broomall PA,PA,4/16/2021,5280.05,"Philadelphia-Camden-Wilmington, PA-NJ-DE-MD Metro",DC-2
Store-Broomall PA,PA,4/19/2021,7408.28,"Philadelphia-Camden-Wilmington, PA-NJ-DE-MD Metro",DC-2
Store-Broomall PA,PA,4/20/2021,15018.87,"Philadelphia-Camden-Wilmington, PA-NJ-DE-MD Metro",DC-2
Store-Broomall PA,PA,4/21/2021,6316.04,"Philadelphia-Camden-Wilmington, PA-NJ-DE-MD Metro",DC-2
Store-Broomall PA,PA,4/22/2021,11391.64,"Philadelphia-Camden-Wilmington, PA-NJ-DE-MD Metro",DC-2
Store-Broomall PA,PA,4/23/2021,6481.07,"Philadelphia-Camden-Wilmington, PA-NJ-DE-MD Metro",DC-2
Store-Broomall PA,PA,4/26/2021,15040.51,"Philadelphia-Camden-Wilmington, PA-NJ-DE-MD Metro",DC-2
Store-Broomall PA,PA,4/27/2021,7665.83,"Philadelphia-Camden-Wilmington, PA-NJ-DE-MD Metro",DC-2
Store-Broomall PA,PA,4/28/2021,13065.07,"Philadelphia-Camden-Wilmington, PA-NJ-DE-MD Metro",DC-2
Store-Broomall PA,PA,4/29/2021,7264.09,"Philadelphia-Camden-Wilmington, PA-NJ-DE-MD Metro",DC-2
Store-Broomall PA,PA,4/30/2021,4244.46,"Philadelphia-Camden-Wilmington, PA-NJ-DE-MD Metro",DC-2
Store-Broomall PA,PA,5/3/2021,28286.46,"Philadelphia-Camden-Wilmington, PA-NJ-DE-MD Metro",DC-2
Store-Broomall PA,PA,5/4/2021,11000.74,"Philadelphia-Camden-Wilmington, PA-NJ-DE-MD Metro",DC-2
Store-Broomall PA,PA,5/5/2021,10984.95,"Philadelphia-Camden-Wilmington, PA-NJ-DE-MD Metro",DC-2
Store-Broomall PA,PA,5/6/2021,9377.47,"Philadelphia-Camden-Wilmington, PA-NJ-DE-MD Metro",DC-2
Store-Broomall PA,PA,5/7/2021,7354.83,"Philadelphia-Camden-Wilmington, PA-NJ-DE-MD Metro",DC-2
Store-Broomall PA,PA,5/10/2021,8999.53,"Philadelphia-Camden-Wilmington, PA-NJ-DE-MD Metro",DC-2
Store-Broomall PA,PA,5/11/2021,13570.33,"Philadelphia-Camden-Wilmington, PA-NJ-DE-MD Metro",DC-2
Store-Broomall PA,PA,5/12/2021,8840.22,"Philadelphia-Camden-Wilmington, PA-NJ-DE-MD Metro",DC-2
Store-Broomall PA,PA,5/13/2021,7059.52,"Philadelphia-Camden-Wilmington, PA-NJ-DE-MD Metro",DC-2
Store-Broomall PA,PA,5/14/2021,13372.17,"Philadelphia-Camden-Wilmington, PA-NJ-DE-MD Metro",DC-2
Store-Broomall PA,PA,5/17/2021,4980.36,"Philadelphia-Camden-Wilmington, PA-NJ-DE-MD Metro",DC-2
Store-Broomall PA,PA,5/18/2021,10167.91,"Philadelphia-Camden-Wilmington, PA-NJ-DE-MD Metro",DC-2
Store-Broomall PA,PA,5/19/2021,12294.60,"Philadelphia-Camden-Wilmington, PA-NJ-DE-MD Metro",DC-2
Store-Broomall PA,PA,5/20/2021,6344.45,"Philadelphia-Camden-Wilmington, PA-NJ-DE-MD Metro",DC-2
Store-Broomall PA,PA,5/21/2021,9426.20,"Philadelphia-Camden-Wilmington, PA-NJ-DE-MD Metro",DC-2
Store-Broomall PA,PA,5/24/2021,7451.80,"Philadelphia-Camden-Wilmington, PA-NJ-DE-MD Metro",DC-2
Store-Broomall PA,PA,5/25/2021,8316.15,"Philadelphia-Camden-Wilmington, PA-NJ-DE-MD Metro",DC-2
Store-Broomall PA,PA,5/26/2021,12049.30,"Philadelphia-Camden-Wilmington, PA-NJ-DE-MD Metro",DC-2
Store-Broomall PA,PA,5/27/2021,14133.82,"Philadelphia-Camden-Wilmington, PA-NJ-DE-MD Metro",DC-2
Store-Broomall PA,PA,5/28/2021,6706.38,"Philadelphia-Camden-Wilmington, PA-NJ-DE-MD Metro",DC-2
Store-Broomall PA,PA,6/1/2021,18417.14,"Philadelphia-Camden-Wilmington, PA-NJ-DE-MD Metro",DC-2
Store-Broomall PA,PA,6/2/2021,17423.83,"Philadelphia-Camden-Wilmington, PA-NJ-DE-MD Metro",DC-2
Store-Broomall PA,PA,6/3/2021,6174.72,"Philadelphia-Camden-Wilmington, PA-NJ-DE-MD Metro",DC-2
Store-Broomall PA,PA,6/4/2021,13130.08,"Philadelphia-Camden-Wilmington, PA-NJ-DE-MD Metro",DC-2
Store-Broomall PA,PA,6/7/2021,5547.23,"Philadelphia-Camden-Wilmington, PA-NJ-DE-MD Metro",DC-2
Store-Broomall PA,PA,6/8/2021,7943.26,"Philadelphia-Camden-Wilmington, PA-NJ-DE-MD Metro",DC-2
Store-Broomall PA,PA,6/9/2021,12977.20,"Philadelphia-Camden-Wilmington, PA-NJ-DE-MD Metro",DC-2
Store-Broomall PA,PA,6/10/2021,8126.39,"Philadelphia-Camden-Wilmington, PA-NJ-DE-MD Metro",DC-2
Store-Broomall PA,PA,6/11/2021,10733.99,"Philadelphia-Camden-Wilmington, PA-NJ-DE-MD Metro",DC-2
Store-Broomall PA,PA,6/14/2021,6630.91,"Philadelphia-Camden-Wilmington, PA-NJ-DE-MD Metro",DC-2
Store-Broomall PA,PA,6/15/2021,11212.60,"Philadelphia-Camden-Wilmington, PA-NJ-DE-MD Metro",DC-2
Store-Broomall PA,PA,6/16/2021,11815.89,"Philadelphia-Camden-Wilmington, PA-NJ-DE-MD Metro",DC-2
Store-Broomall PA,PA,6/17/2021,8393.27,"Philadelphia-Camden-Wilmington, PA-NJ-DE-MD Metro",DC-2
Store-Broomall PA,PA,6/18/2021,10524.33,"Philadelphia-Camden-Wilmington, PA-NJ-DE-MD Metro",DC-2
Store-Broomall PA,PA,6/21/2021,5121.91,"Philadelphia-Camden-Wilmington, PA-NJ-DE-MD Metro",DC-2
Store-Broomall PA,PA,6/22/2021,9160.39,"Philadelphia-Camden-Wilmington, PA-NJ-DE-MD Metro",DC-2
Store-Broomall PA,PA,6/23/2021,14591.77,"Philadelphia-Camden-Wilmington, PA-NJ-DE-MD Metro",DC-2
Store-Broomall PA,PA,6/24/2021,7654.66,"Philadelphia-Camden-Wilmington, PA-NJ-DE-MD Metro",DC-2
Store-Broomall PA,PA,6/25/2021,7987.51,"Philadelphia-Camden-Wilmington, PA-NJ-DE-MD Metro",DC-2
Store-Broomall PA,PA,6/28/2021,10664.25,"Philadelphia-Camden-Wilmington, PA-NJ-DE-MD Metro",DC-2
Store-Broomall PA,PA,6/29/2021,9946.22,"Philadelphia-Camden-Wilmington, PA-NJ-DE-MD Metro",DC-2
Store-Broomall PA,PA,6/30/2021,6047.27,"Philadelphia-Camden-Wilmington, PA-NJ-DE-MD Metro",DC-2
Store-Broomall PA,PA,7/1/2021,26217.65,"Philadelphia-Camden-Wilmington, PA-NJ-DE-MD Metro",DC-2
Store-Broomall PA,PA,7/2/2021,9206.92,"Philadelphia-Camden-Wilmington, PA-NJ-DE-MD Metro",DC-2
Store-Broomall PA,PA,7/6/2021,11275.37,"Philadelphia-Camden-Wilmington, PA-NJ-DE-MD Metro",DC-2
Store-Broomall PA,PA,7/7/2021,10355.33,"Philadelphia-Camden-Wilmington, PA-NJ-DE-MD Metro",DC-2
Store-Broomall PA,PA,7/8/2021,10908.32,"Philadelphia-Camden-Wilmington, PA-NJ-DE-MD Metro",DC-2
Store-Broomall PA,PA,7/9/2021,6276.72,"Philadelphia-Camden-Wilmington, PA-NJ-DE-MD Metro",DC-2
Store-Broomall PA,PA,7/12/2021,10485.56,"Philadelphia-Camden-Wilmington, PA-NJ-DE-MD Metro",DC-2
Store-Broomall PA,PA,7/13/2021,7722.98,"Philadelphia-Camden-Wilmington, PA-NJ-DE-MD Metro",DC-2
Store-Broomall PA,PA,7/14/2021,9345.87,"Philadelphia-Camden-Wilmington, PA-NJ-DE-MD Metro",DC-2
Store-Broomall PA,PA,7/15/2021,5351.54,"Philadelphia-Camden-Wilmington, PA-NJ-DE-MD Metro",DC-2
Store-Broomall PA,PA,7/16/2021,10342.21,"Philadelphia-Camden-Wilmington, PA-NJ-DE-MD Metro",DC-2
Store-Broomall PA,PA,7/19/2021,10267.16,"Philadelphia-Camden-Wilmington, PA-NJ-DE-MD Metro",DC-2
Store-Broomall PA,PA,7/20/2021,10843.28,"Philadelphia-Camden-Wilmington, PA-NJ-DE-MD Metro",DC-2
Store-Broomall PA,PA,7/21/2021,12553.17,"Philadelphia-Camden-Wilmington, PA-NJ-DE-MD Metro",DC-2
Store-Broomall PA,PA,7/22/2021,14491.45,"Philadelphia-Camden-Wilmington, PA-NJ-DE-MD Metro",DC-2
Store-Broomall PA,PA,7/23/2021,5697.76,"Philadelphia-Camden-Wilmington, PA-NJ-DE-MD Metro",DC-2
Store-Broomall PA,PA,7/26/2021,10601.46,"Philadelphia-Camden-Wilmington, PA-NJ-DE-MD Metro",DC-2
Store-Broomall PA,PA,7/27/2021,9433.73,"Philadelphia-Camden-Wilmington, PA-NJ-DE-MD Metro",DC-2
Store-Broomall PA,PA,7/28/2021,6993.87,"Philadelphia-Camden-Wilmington, PA-NJ-DE-MD Metro",DC-2
Store-Broomall PA,PA,7/29/2021,24123.59,"Philadelphia-Camden-Wilmington, PA-NJ-DE-MD Metro",DC-2
Store-Broomall PA,PA,7/30/2021,4228.86,"Philadelphia-Camden-Wilmington, PA-NJ-DE-MD Metro",DC-2
Store-Broomall PA,PA,8/2/2021,28863.27,"Philadelphia-Camden-Wilmington, PA-NJ-DE-MD Metro",DC-2
Store-Broomall PA,PA,8/3/2021,13971.03,"Philadelphia-Camden-Wilmington, PA-NJ-DE-MD Metro",DC-2
Store-Broomall PA,PA,8/4/2021,8380.89,"Philadelphia-Camden-Wilmington, PA-NJ-DE-MD Metro",DC-2
Store-Broomall PA,PA,8/5/2021,7599.34,"Philadelphia-Camden-Wilmington, PA-NJ-DE-MD Metro",DC-2
Store-Broomall PA,PA,8/6/2021,12647.11,"Philadelphia-Camden-Wilmington, PA-NJ-DE-MD Metro",DC-2
Store-Broomall PA,PA,8/9/2021,8075.34,"Philadelphia-Camden-Wilmington, PA-NJ-DE-MD Metro",DC-2
Store-Broomall PA,PA,8/10/2021,9071.01,"Philadelphia-Camden-Wilmington, PA-NJ-DE-MD Metro",DC-2
Store-Broomall PA,PA,8/11/2021,11085.20,"Philadelphia-Camden-Wilmington, PA-NJ-DE-MD Metro",DC-2
Store-Broomall PA,PA,8/12/2021,5225.40,"Philadelphia-Camden-Wilmington, PA-NJ-DE-MD Metro",DC-2
Store-Broomall PA,PA,8/13/2021,9914.98,"Philadelphia-Camden-Wilmington, PA-NJ-DE-MD Metro",DC-2
Store-Broomall PA,PA,8/16/2021,11579.09,"Philadelphia-Camden-Wilmington, PA-NJ-DE-MD Metro",DC-2
Store-Broomall PA,PA,8/17/2021,12649.13,"Philadelphia-Camden-Wilmington, PA-NJ-DE-MD Metro",DC-2
Store-Broomall PA,PA,8/18/2021,9064.48,"Philadelphia-Camden-Wilmington, PA-NJ-DE-MD Metro",DC-2
Store-Broomall PA,PA,8/19/2021,6778.53,"Philadelphia-Camden-Wilmington, PA-NJ-DE-MD Metro",DC-2
Store-Broomall PA,PA,8/20/2021,11338.53,"Philadelphia-Camden-Wilmington, PA-NJ-DE-MD Metro",DC-2
Store-Broomall PA,PA,8/23/2021,8385.73,"Philadelphia-Camden-Wilmington, PA-NJ-DE-MD Metro",DC-2
Store-Broomall PA,PA,8/24/2021,10279.88,"Philadelphia-Camden-Wilmington, PA-NJ-DE-MD Metro",DC-2
Store-Broomall PA,PA,8/25/2021,10179.58,"Philadelphia-Camden-Wilmington, PA-NJ-DE-MD Metro",DC-2
Store-Broomall PA,PA,8/26/2021,8360.89,"Philadelphia-Camden-Wilmington, PA-NJ-DE-MD Metro",DC-2
Store-Broomall PA,PA,8/27/2021,8704.63,"Philadelphia-Camden-Wilmington, PA-NJ-DE-MD Metro",DC-2
Store-Broomall PA,PA,8/30/2021,9637.76,"Philadelphia-Camden-Wilmington, PA-NJ-DE-MD Metro",DC-2
Store-Broomall PA,PA,8/31/2021,4829.16,"Philadelphia-Camden-Wilmington, PA-NJ-DE-MD Metro",DC-2
Store-Broomall PA,PA,9/1/2021,24155.48,"Philadelphia-Camden-Wilmington, PA-NJ-DE-MD Metro",DC-2
Store-Broomall PA,PA,9/2/2021,3418.51,"Philadelphia-Camden-Wilmington, PA-NJ-DE-MD Metro",DC-2
Store-Broomall PA,PA,9/3/2021,7911.55,"Philadelphia-Camden-Wilmington, PA-NJ-DE-MD Metro",DC-2
Store-Broomall PA,PA,9/7/2021,10269.42,"Philadelphia-Camden-Wilmington, PA-NJ-DE-MD Metro",DC-2
Store-Broomall PA,PA,9/8/2021,12984.72,"Philadelphia-Camden-Wilmington, PA-NJ-DE-MD Metro",DC-2
Store-Broomall PA,PA,9/9/2021,6020.28,"Philadelphia-Camden-Wilmington, PA-NJ-DE-MD Metro",DC-2
Store-Broomall PA,PA,9/10/2021,11268.95,"Philadelphia-Camden-Wilmington, PA-NJ-DE-MD Metro",DC-2
Store-Broomall PA,PA,9/13/2021,8304.56,"Philadelphia-Camden-Wilmington, PA-NJ-DE-MD Metro",DC-2
Store-Broomall PA,PA,9/14/2021,7149.24,"Philadelphia-Camden-Wilmington, PA-NJ-DE-MD Metro",DC-2
Store-Broomall PA,PA,9/15/2021,9881.81,"Philadelphia-Camden-Wilmington, PA-NJ-DE-MD Metro",DC-2
Store-Broomall PA,PA,9/16/2021,10168.72,"Philadelphia-Camden-Wilmington, PA-NJ-DE-MD Metro",DC-2
Store-Broomall PA,PA,9/17/2021,8767.11,"Philadelphia-Camden-Wilmington, PA-NJ-DE-MD Metro",DC-2
Store-Broomall PA,PA,9/20/2021,8083.06,"Philadelphia-Camden-Wilmington, PA-NJ-DE-MD Metro",DC-2
Store-Broomall PA,PA,9/21/2021,10031.48,"Philadelphia-Camden-Wilmington, PA-NJ-DE-MD Metro",DC-2
Store-Broomall PA,PA,9/22/2021,5757.74,"Philadelphia-Camden-Wilmington, PA-NJ-DE-MD Metro",DC-2
Store-Broomall PA,PA,9/23/2021,7211.48,"Philadelphia-Camden-Wilmington, PA-NJ-DE-MD Metro",DC-2
Store-Broomall PA,PA,9/24/2021,8433.32,"Philadelphia-Camden-Wilmington, PA-NJ-DE-MD Metro",DC-2
Store-Broomall PA,PA,9/27/2021,5577.02,"Philadelphia-Camden-Wilmington, PA-NJ-DE-MD Metro",DC-2
Store-Broomall PA,PA,9/28/2021,9005.70,"Philadelphia-Camden-Wilmington, PA-NJ-DE-MD Metro",DC-2
Store-Broomall PA,PA,9/29/2021,11012.51,"Philadelphia-Camden-Wilmington, PA-NJ-DE-MD Metro",DC-2
Store-Broomall PA,PA,9/30/2021,3569.56,"Philadelphia-Camden-Wilmington, PA-NJ-DE-MD Metro",DC-2
Store-Broomall PA,PA,10/1/2021,18010.21,"Philadelphia-Camden-Wilmington, PA-NJ-DE-MD Metro",DC-2
Store-Broomall PA,PA,10/4/2021,13039.49,"Philadelphia-Camden-Wilmington, PA-NJ-DE-MD Metro",DC-2
Store-Broomall PA,PA,10/5/2021,8909.57,"Philadelphia-Camden-Wilmington, PA-NJ-DE-MD Metro",DC-2
Store-Broomall PA,PA,10/6/2021,10436.83,"Philadelphia-Camden-Wilmington, PA-NJ-DE-MD Metro",DC-2
Store-Broomall PA,PA,10/7/2021,10622.03,"Philadelphia-Camden-Wilmington, PA-NJ-DE-MD Metro",DC-2
Store-Broomall PA,PA,10/8/2021,10895.83,"Philadelphia-Camden-Wilmington, PA-NJ-DE-MD Metro",DC-2
Store-Broomall PA,PA,10/11/2021,10040.39,"Philadelphia-Camden-Wilmington, PA-NJ-DE-MD Metro",DC-2
Store-Broomall PA,PA,10/12/2021,-1953.23,"Philadelphia-Camden-Wilmington, PA-NJ-DE-MD Metro",DC-2
Store-Broomall PA,PA,10/13/2021,12663.87,"Philadelphia-Camden-Wilmington, PA-NJ-DE-MD Metro",DC-2
Store-Broomall PA,PA,10/14/2021,5281.57,"Philadelphia-Camden-Wilmington, PA-NJ-DE-MD Metro",DC-2
Store-Broomall PA,PA,10/15/2021,6938.89,"Philadelphia-Camden-Wilmington, PA-NJ-DE-MD Metro",DC-2
Store-Broomall PA,PA,10/18/2021,12600.76,"Philadelphia-Camden-Wilmington, PA-NJ-DE-MD Metro",DC-2
Store-Broomall PA,PA,10/19/2021,4802.32,"Philadelphia-Camden-Wilmington, PA-NJ-DE-MD Metro",DC-2
Store-Broomall PA,PA,10/20/2021,12053.44,"Philadelphia-Camden-Wilmington, PA-NJ-DE-MD Metro",DC-2
Store-Broomall PA,PA,10/21/2021,12039.02,"Philadelphia-Camden-Wilmington, PA-NJ-DE-MD Metro",DC-2
Store-Broomall PA,PA,10/22/2021,6504.77,"Philadelphia-Camden-Wilmington, PA-NJ-DE-MD Metro",DC-2
Store-Broomall PA,PA,10/25/2021,8139.19,"Philadelphia-Camden-Wilmington, PA-NJ-DE-MD Metro",DC-2
Store-Broomall PA,PA,10/26/2021,4594.18,"Philadelphia-Camden-Wilmington, PA-NJ-DE-MD Metro",DC-2
Store-Broomall PA,PA,10/27/2021,13122.97,"Philadelphia-Camden-Wilmington, PA-NJ-DE-MD Metro",DC-2
Store-Broomall PA,PA,10/28/2021,4177.77,"Philadelphia-Camden-Wilmington, PA-NJ-DE-MD Metro",DC-2
Store-Broomall PA,PA,10/29/2021,4569.83,"Philadelphia-Camden-Wilmington, PA-NJ-DE-MD Metro",DC-2
Store-Broomall PA,PA,11/1/2021,27990.52,"Philadelphia-Camden-Wilmington, PA-NJ-DE-MD Metro",DC-2
Store-Broomall PA,PA,11/2/2021,16380.43,"Philadelphia-Camden-Wilmington, PA-NJ-DE-MD Metro",DC-2
Store-Broomall PA,PA,11/3/2021,3341.25,"Philadelphia-Camden-Wilmington, PA-NJ-DE-MD Metro",DC-2
Store-Broomall PA,PA,11/4/2021,7438.40,"Philadelphia-Camden-Wilmington, PA-NJ-DE-MD Metro",DC-2
Store-Broomall PA,PA,11/5/2021,7275.21,"Philadelphia-Camden-Wilmington, PA-NJ-DE-MD Metro",DC-2
Store-Broomall PA,PA,11/8/2021,13137.90,"Philadelphia-Camden-Wilmington, PA-NJ-DE-MD Metro",DC-2
Store-Broomall PA,PA,11/9/2021,10602.60,"Philadelphia-Camden-Wilmington, PA-NJ-DE-MD Metro",DC-2
Store-Broomall PA,PA,11/10/2021,11821.52,"Philadelphia-Camden-Wilmington, PA-NJ-DE-MD Metro",DC-2
Store-Broomall PA,PA,11/11/2021,6960.27,"Philadelphia-Camden-Wilmington, PA-NJ-DE-MD Metro",DC-2
Store-Broomall PA,PA,11/12/2021,8834.44,"Philadelphia-Camden-Wilmington, PA-NJ-DE-MD Metro",DC-2
Store-Broomall PA,PA,11/15/2021,16456.29,"Philadelphia-Camden-Wilmington, PA-NJ-DE-MD Metro",DC-2
Store-Broomall PA,PA,11/16/2021,5947.09,"Philadelphia-Camden-Wilmington, PA-NJ-DE-MD Metro",DC-2
Store-Broomall PA,PA,11/17/2021,9410.13,"Philadelphia-Camden-Wilmington, PA-NJ-DE-MD Metro",DC-2
Store-Broomall PA,PA,11/18/2021,5586.98,"Philadelphia-Camden-Wilmington, PA-NJ-DE-MD Metro",DC-2
Store-Broomall PA,PA,11/19/2021,4427.64,"Philadelphia-Camden-Wilmington, PA-NJ-DE-MD Metro",DC-2
Store-Broomall PA,PA,11/22/2021,11498.46,"Philadelphia-Camden-Wilmington, PA-NJ-DE-MD Metro",DC-2
Store-Broomall PA,PA,11/23/2021,9511.18,"Philadelphia-Camden-Wilmington, PA-NJ-DE-MD Metro",DC-2
Store-Broomall PA,PA,11/24/2021,9499.48,"Philadelphia-Camden-Wilmington, PA-NJ-DE-MD Metro",DC-2
Store-Broomall PA,PA,11/29/2021,8183.26,"Philadelphia-Camden-Wilmington, PA-NJ-DE-MD Metro",DC-2
Store-Broomall PA,PA,11/30/2021,7372.64,"Philadelphia-Camden-Wilmington, PA-NJ-DE-MD Metro",DC-2
Store-Broomall PA,PA,12/1/2021,35334.34,"Philadelphia-Camden-Wilmington, PA-NJ-DE-MD Metro",DC-2
Store-Broomall PA,PA,12/2/2021,7253.98,"Philadelphia-Camden-Wilmington, PA-NJ-DE-MD Metro",DC-2
Store-Broomall PA,PA,12/3/2021,8565.27,"Philadelphia-Camden-Wilmington, PA-NJ-DE-MD Metro",DC-2
Store-Broomall PA,PA,12/6/2021,7448.60,"Philadelphia-Camden-Wilmington, PA-NJ-DE-MD Metro",DC-2
Store-Broomall PA,PA,12/7/2021,4881.78,"Philadelphia-Camden-Wilmington, PA-NJ-DE-MD Metro",DC-2
Store-Broomall PA,PA,12/8/2021,5930.39,"Philadelphia-Camden-Wilmington, PA-NJ-DE-MD Metro",DC-2
Store-Broomall PA,PA,12/9/2021,13813.68,"Philadelphia-Camden-Wilmington, PA-NJ-DE-MD Metro",DC-2
Store-Broomall PA,PA,12/10/2021,6826.25,"Philadelphia-Camden-Wilmington, PA-NJ-DE-MD Metro",DC-2
Store-Broomall PA,PA,12/13/2021,8437.98,"Philadelphia-Camden-Wilmington, PA-NJ-DE-MD Metro",DC-2
Store-Broomall PA,PA,12/14/2021,9467.26,"Philadelphia-Camden-Wilmington, PA-NJ-DE-MD Metro",DC-2
Store-Broomall PA,PA,12/15/2021,11201.75,"Philadelphia-Camden-Wilmington, PA-NJ-DE-MD Metro",DC-2
Store-Broomall PA,PA,12/16/2021,4712.91,"Philadelphia-Camden-Wilmington, PA-NJ-DE-MD Metro",DC-2
Store-Broomall PA,PA,12/17/2021,10226.47,"Philadelphia-Camden-Wilmington, PA-NJ-DE-MD Metro",DC-2
Store-Broomall PA,PA,12/20/2021,15429.95,"Philadelphia-Camden-Wilmington, PA-NJ-DE-MD Metro",DC-2
Store-Broomall PA,PA,12/21/2021,12699.78,"Philadelphia-Camden-Wilmington, PA-NJ-DE-MD Metro",DC-2
Store-Broomall PA,PA,12/22/2021,7298.21,"Philadelphia-Camden-Wilmington, PA-NJ-DE-MD Metro",DC-2
Store-Broomall PA,PA,12/27/2021,6344.71,"Philadelphia-Camden-Wilmington, PA-NJ-DE-MD Metro",DC-2
Store-Broomall PA,PA,12/28/2021,7986.61,"Philadelphia-Camden-Wilmington, PA-NJ-DE-MD Metro",DC-2
Store-Broomall PA,PA,12/29/2021,4669.85,"Philadelphia-Camden-Wilmington, PA-NJ-DE-MD Metro",DC-2
Store-Broomall PA,PA,12/30/2021,4378.54,"Philadelphia-Camden-Wilmington, PA-NJ-DE-MD Metro",DC-2
Store-Washington NC,NC,1/2/2020,2835.79,"Greenville, NC Metro Area",DC-2
Store-Washington NC,NC,1/3/2020,3052.41,"Greenville, NC Metro Area",DC-2
Store-Washington NC,NC,1/6/2020,673.67,"Greenville, NC Metro Area",DC-2
Store-Washington NC,NC,1/7/2020,4316.30,"Greenville, NC Metro Area",DC-2
Store-Washington NC,NC,1/8/2020,2883.79,"Greenville, NC Metro Area",DC-2
Store-Washington NC,NC,1/9/2020,1150.54,"Greenville, NC Metro Area",DC-2
Store-Washington NC,NC,1/10/2020,1351.03,"Greenville, NC Metro Area",DC-2
Store-Washington NC,NC,1/13/2020,1683.97,"Greenville, NC Metro Area",DC-2
Store-Washington NC,NC,1/14/2020,3840.07,"Greenville, NC Metro Area",DC-2
Store-Washington NC,NC,1/15/2020,4404.26,"Greenville, NC Metro Area",DC-2
Store-Washington NC,NC,1/16/2020,1660.23,"Greenville, NC Metro Area",DC-2
Store-Washington NC,NC,1/17/2020,1852.63,"Greenville, NC Metro Area",DC-2
Store-Washington NC,NC,1/20/2020,2531.66,"Greenville, NC Metro Area",DC-2
Store-Washington NC,NC,1/21/2020,5960.65,"Greenville, NC Metro Area",DC-2
Store-Washington NC,NC,1/22/2020,6066.02,"Greenville, NC Metro Area",DC-2
Store-Washington NC,NC,1/23/2020,1557.08,"Greenville, NC Metro Area",DC-2
Store-Washington NC,NC,1/24/2020,933.14,"Greenville, NC Metro Area",DC-2
Store-Washington NC,NC,1/27/2020,2880.24,"Greenville, NC Metro Area",DC-2
Store-Washington NC,NC,1/28/2020,2878.40,"Greenville, NC Metro Area",DC-2
Store-Washington NC,NC,1/29/2020,3820.86,"Greenville, NC Metro Area",DC-2
Store-Washington NC,NC,1/30/2020,3619.68,"Greenville, NC Metro Area",DC-2
Store-Washington NC,NC,1/31/2020,1833.10,"Greenville, NC Metro Area",DC-2
Store-Washington NC,NC,2/3/2020,464.46,"Greenville, NC Metro Area",DC-2
Store-Washington NC,NC,2/4/2020,5288.79,"Greenville, NC Metro Area",DC-2
Store-Washington NC,NC,2/5/2020,3295.46,"Greenville, NC Metro Area",DC-2
Store-Washington NC,NC,2/6/2020,2135.36,"Greenville, NC Metro Area",DC-2
Store-Washington NC,NC,2/7/2020,1266.33,"Greenville, NC Metro Area",DC-2
Store-Washington NC,NC,2/10/2020,1125.90,"Greenville, NC Metro Area",DC-2
Store-Washington NC,NC,2/11/2020,4619.77,"Greenville, NC Metro Area",DC-2
Store-Washington NC,NC,2/12/2020,7658.66,"Greenville, NC Metro Area",DC-2
Store-Washington NC,NC,2/13/2020,1863.42,"Greenville, NC Metro Area",DC-2
Store-Washington NC,NC,2/14/2020,1307.62,"Greenville, NC Metro Area",DC-2
Store-Washington NC,NC,2/17/2020,1184.32,"Greenville, NC Metro Area",DC-2
Store-Washington NC,NC,2/18/2020,3970.96,"Greenville, NC Metro Area",DC-2
Store-Washington NC,NC,2/19/2020,4371.77,"Greenville, NC Metro Area",DC-2
Store-Washington NC,NC,2/20/2020,716.98,"Greenville, NC Metro Area",DC-2
Store-Washington NC,NC,2/21/2020,1049.95,"Greenville, NC Metro Area",DC-2
Store-Washington NC,NC,2/24/2020,922.57,"Greenville, NC Metro Area",DC-2
Store-Washington NC,NC,2/25/2020,4064.70,"Greenville, NC Metro Area",DC-2
Store-Washington NC,NC,2/26/2020,1134.00,"Greenville, NC Metro Area",DC-2
Store-Washington NC,NC,2/27/2020,2933.04,"Greenville, NC Metro Area",DC-2
Store-Washington NC,NC,2/28/2020,1230.00,"Greenville, NC Metro Area",DC-2
Store-Washington NC,NC,3/2/2020,1110.74,"Greenville, NC Metro Area",DC-2
Store-Washington NC,NC,3/3/2020,5235.04,"Greenville, NC Metro Area",DC-2
Store-Washington NC,NC,3/4/2020,2956.42,"Greenville, NC Metro Area",DC-2
Store-Washington NC,NC,3/5/2020,1345.02,"Greenville, NC Metro Area",DC-2
Store-Washington NC,NC,3/6/2020,1419.71,"Greenville, NC Metro Area",DC-2
Store-Washington NC,NC,3/9/2020,253.59,"Greenville, NC Metro Area",DC-2
Store-Washington NC,NC,3/10/2020,7397.25,"Greenville, NC Metro Area",DC-2
Store-Washington NC,NC,3/11/2020,707.56,"Greenville, NC Metro Area",DC-2
Store-Washington NC,NC,3/12/2020,7890.56,"Greenville, NC Metro Area",DC-2
Store-Washington NC,NC,3/13/2020,3229.17,"Greenville, NC Metro Area",DC-2
Store-Washington NC,NC,3/16/2020,1473.11,"Greenville, NC Metro Area",DC-2
Store-Washington NC,NC,3/17/2020,4548.91,"Greenville, NC Metro Area",DC-2
Store-Washington NC,NC,3/18/2020,3825.36,"Greenville, NC Metro Area",DC-2
Store-Washington NC,NC,3/19/2020,2183.08,"Greenville, NC Metro Area",DC-2
Store-Washington NC,NC,3/20/2020,2377.56,"Greenville, NC Metro Area",DC-2
Store-Washington NC,NC,3/23/2020,1515.55,"Greenville, NC Metro Area",DC-2
Store-Washington NC,NC,3/24/2020,6257.79,"Greenville, NC Metro Area",DC-2
Store-Washington NC,NC,3/25/2020,2766.60,"Greenville, NC Metro Area",DC-2
Store-Washington NC,NC,3/26/2020,7114.46,"Greenville, NC Metro Area",DC-2
Store-Washington NC,NC,3/27/2020,1235.91,"Greenville, NC Metro Area",DC-2
Store-Washington NC,NC,3/30/2020,930.60,"Greenville, NC Metro Area",DC-2
Store-Washington NC,NC,3/31/2020,5228.35,"Greenville, NC Metro Area",DC-2
Store-Washington NC,NC,4/1/2020,1702.41,"Greenville, NC Metro Area",DC-2
Store-Washington NC,NC,4/2/2020,1749.74,"Greenville, NC Metro Area",DC-2
Store-Washington NC,NC,4/3/2020,876.07,"Greenville, NC Metro Area",DC-2
Store-Washington NC,NC,4/6/2020,3464.50,"Greenville, NC Metro Area",DC-2
Store-Washington NC,NC,4/7/2020,3585.47,"Greenville, NC Metro Area",DC-2
Store-Washington NC,NC,4/8/2020,3091.98,"Greenville, NC Metro Area",DC-2
Store-Washington NC,NC,4/9/2020,1668.83,"Greenville, NC Metro Area",DC-2
Store-Washington NC,NC,4/28/2020,0.00,"Greenville, NC Metro Area",DC-2
Store-Washington NC,NC,5/6/2020,1106.13,"Greenville, NC Metro Area",DC-2
Store-Washington NC,NC,5/7/2020,539.49,"Greenville, NC Metro Area",DC-2
Store-Washington NC,NC,5/11/2020,396.50,"Greenville, NC Metro Area",DC-2
Store-Washington NC,NC,5/12/2020,4288.08,"Greenville, NC Metro Area",DC-2
Store-Washington NC,NC,5/13/2020,3321.63,"Greenville, NC Metro Area",DC-2
Store-Washington NC,NC,5/14/2020,616.47,"Greenville, NC Metro Area",DC-2
Store-Washington NC,NC,5/15/2020,1082.24,"Greenville, NC Metro Area",DC-2
Store-Washington NC,NC,5/18/2020,4843.02,"Greenville, NC Metro Area",DC-2
Store-Washington NC,NC,5/19/2020,4713.71,"Greenville, NC Metro Area",DC-2
Store-Washington NC,NC,5/20/2020,4440.80,"Greenville, NC Metro Area",DC-2
Store-Washington NC,NC,5/21/2020,563.15,"Greenville, NC Metro Area",DC-2
Store-Washington NC,NC,5/22/2020,3772.09,"Greenville, NC Metro Area",DC-2
Store-Washington NC,NC,5/26/2020,3884.82,"Greenville, NC Metro Area",DC-2
Store-Washington NC,NC,5/27/2020,3109.32,"Greenville, NC Metro Area",DC-2
Store-Washington NC,NC,5/28/2020,4352.76,"Greenville, NC Metro Area",DC-2
Store-Washington NC,NC,5/29/2020,866.64,"Greenville, NC Metro Area",DC-2
Store-Washington NC,NC,6/1/2020,4500.46,"Greenville, NC Metro Area",DC-2
Store-Washington NC,NC,6/2/2020,2579.77,"Greenville, NC Metro Area",DC-2
Store-Washington NC,NC,6/3/2020,2363.36,"Greenville, NC Metro Area",DC-2
Store-Washington NC,NC,6/4/2020,1607.37,"Greenville, NC Metro Area",DC-2
Store-Washington NC,NC,6/5/2020,299.98,"Greenville, NC Metro Area",DC-2
Store-Washington NC,NC,6/8/2020,2118.35,"Greenville, NC Metro Area",DC-2
Store-Washington NC,NC,6/9/2020,4577.18,"Greenville, NC Metro Area",DC-2
Store-Washington NC,NC,6/10/2020,1955.29,"Greenville, NC Metro Area",DC-2
Store-Washington NC,NC,6/11/2020,1605.62,"Greenville, NC Metro Area",DC-2
Store-Washington NC,NC,6/12/2020,292.93,"Greenville, NC Metro Area",DC-2
Store-Washington NC,NC,6/15/2020,4028.51,"Greenville, NC Metro Area",DC-2
Store-Washington NC,NC,6/16/2020,7046.88,"Greenville, NC Metro Area",DC-2
Store-Washington NC,NC,6/17/2020,423.81,"Greenville, NC Metro Area",DC-2
Store-Washington NC,NC,6/18/2020,885.42,"Greenville, NC Metro Area",DC-2
Store-Washington NC,NC,6/19/2020,1640.49,"Greenville, NC Metro Area",DC-2
Store-Washington NC,NC,6/22/2020,1705.68,"Greenville, NC Metro Area",DC-2
Store-Washington NC,NC,6/23/2020,5393.80,"Greenville, NC Metro Area",DC-2
Store-Washington NC,NC,6/24/2020,1692.90,"Greenville, NC Metro Area",DC-2
Store-Washington NC,NC,6/25/2020,2597.35,"Greenville, NC Metro Area",DC-2
Store-Washington NC,NC,6/26/2020,1405.22,"Greenville, NC Metro Area",DC-2
Store-Washington NC,NC,6/29/2020,1771.00,"Greenville, NC Metro Area",DC-2
Store-Washington NC,NC,6/30/2020,5549.32,"Greenville, NC Metro Area",DC-2
Store-Washington NC,NC,7/1/2020,1441.17,"Greenville, NC Metro Area",DC-2
Store-Washington NC,NC,7/2/2020,3645.60,"Greenville, NC Metro Area",DC-2
Store-Washington NC,NC,7/6/2020,1067.40,"Greenville, NC Metro Area",DC-2
Store-Washington NC,NC,7/7/2020,7416.23,"Greenville, NC Metro Area",DC-2
Store-Washington NC,NC,7/8/2020,1355.02,"Greenville, NC Metro Area",DC-2
Store-Washington NC,NC,7/9/2020,3338.85,"Greenville, NC Metro Area",DC-2
Store-Washington NC,NC,7/10/2020,1062.54,"Greenville, NC Metro Area",DC-2
Store-Washington NC,NC,7/13/2020,2986.55,"Greenville, NC Metro Area",DC-2
Store-Washington NC,NC,7/14/2020,3066.16,"Greenville, NC Metro Area",DC-2
Store-Washington NC,NC,7/15/2020,1597.49,"Greenville, NC Metro Area",DC-2
Store-Washington NC,NC,7/16/2020,1389.98,"Greenville, NC Metro Area",DC-2
Store-Washington NC,NC,7/17/2020,1832.82,"Greenville, NC Metro Area",DC-2
Store-Washington NC,NC,7/20/2020,2780.58,"Greenville, NC Metro Area",DC-2
Store-Washington NC,NC,7/21/2020,4327.18,"Greenville, NC Metro Area",DC-2
Store-Washington NC,NC,7/22/2020,4109.75,"Greenville, NC Metro Area",DC-2
Store-Washington NC,NC,7/23/2020,3339.14,"Greenville, NC Metro Area",DC-2
Store-Washington NC,NC,7/24/2020,447.51,"Greenville, NC Metro Area",DC-2
Store-Washington NC,NC,7/27/2020,5440.87,"Greenville, NC Metro Area",DC-2
Store-Washington NC,NC,7/28/2020,2073.08,"Greenville, NC Metro Area",DC-2
Store-Washington NC,NC,7/29/2020,393.73,"Greenville, NC Metro Area",DC-2
Store-Washington NC,NC,7/30/2020,4920.14,"Greenville, NC Metro Area",DC-2
Store-Washington NC,NC,7/31/2020,414.34,"Greenville, NC Metro Area",DC-2
Store-Washington NC,NC,8/3/2020,2139.21,"Greenville, NC Metro Area",DC-2
Store-Washington NC,NC,8/4/2020,4343.86,"Greenville, NC Metro Area",DC-2
Store-Washington NC,NC,8/5/2020,908.45,"Greenville, NC Metro Area",DC-2
Store-Washington NC,NC,8/6/2020,1425.97,"Greenville, NC Metro Area",DC-2
Store-Washington NC,NC,8/7/2020,898.11,"Greenville, NC Metro Area",DC-2
Store-Washington NC,NC,8/10/2020,3133.50,"Greenville, NC Metro Area",DC-2
Store-Washington NC,NC,8/11/2020,5976.38,"Greenville, NC Metro Area",DC-2
Store-Washington NC,NC,8/12/2020,1903.55,"Greenville, NC Metro Area",DC-2
Store-Washington NC,NC,8/13/2020,1917.62,"Greenville, NC Metro Area",DC-2
Store-Washington NC,NC,8/14/2020,472.85,"Greenville, NC Metro Area",DC-2
Store-Washington NC,NC,8/17/2020,1223.35,"Greenville, NC Metro Area",DC-2
Store-Washington NC,NC,8/18/2020,5441.95,"Greenville, NC Metro Area",DC-2
Store-Washington NC,NC,8/19/2020,2584.91,"Greenville, NC Metro Area",DC-2
Store-Washington NC,NC,8/20/2020,4068.31,"Greenville, NC Metro Area",DC-2
Store-Washington NC,NC,8/21/2020,960.04,"Greenville, NC Metro Area",DC-2
Store-Washington NC,NC,8/24/2020,4695.10,"Greenville, NC Metro Area",DC-2
Store-Washington NC,NC,8/25/2020,3617.77,"Greenville, NC Metro Area",DC-2
Store-Washington NC,NC,8/26/2020,5679.31,"Greenville, NC Metro Area",DC-2
Store-Washington NC,NC,8/27/2020,2789.73,"Greenville, NC Metro Area",DC-2
Store-Washington NC,NC,8/28/2020,1765.91,"Greenville, NC Metro Area",DC-2
Store-Washington NC,NC,8/31/2020,3132.54,"Greenville, NC Metro Area",DC-2
Store-Washington NC,NC,9/1/2020,5450.66,"Greenville, NC Metro Area",DC-2
Store-Washington NC,NC,9/2/2020,2478.15,"Greenville, NC Metro Area",DC-2
Store-Washington NC,NC,9/3/2020,2462.82,"Greenville, NC Metro Area",DC-2
Store-Washington NC,NC,9/4/2020,1891.29,"Greenville, NC Metro Area",DC-2
Store-Washington NC,NC,9/8/2020,5127.60,"Greenville, NC Metro Area",DC-2
Store-Washington NC,NC,9/9/2020,5277.96,"Greenville, NC Metro Area",DC-2
Store-Washington NC,NC,9/10/2020,1660.29,"Greenville, NC Metro Area",DC-2
Store-Washington NC,NC,9/11/2020,1849.90,"Greenville, NC Metro Area",DC-2
Store-Washington NC,NC,9/14/2020,3249.70,"Greenville, NC Metro Area",DC-2
Store-Washington NC,NC,9/15/2020,4410.59,"Greenville, NC Metro Area",DC-2
Store-Washington NC,NC,9/16/2020,1792.83,"Greenville, NC Metro Area",DC-2
Store-Washington NC,NC,9/17/2020,3747.38,"Greenville, NC Metro Area",DC-2
Store-Washington NC,NC,9/18/2020,3540.26,"Greenville, NC Metro Area",DC-2
Store-Washington NC,NC,9/21/2020,6538.63,"Greenville, NC Metro Area",DC-2
Store-Washington NC,NC,9/22/2020,3420.76,"Greenville, NC Metro Area",DC-2
Store-Washington NC,NC,9/23/2020,4033.06,"Greenville, NC Metro Area",DC-2
Store-Washington NC,NC,9/24/2020,6762.30,"Greenville, NC Metro Area",DC-2
Store-Washington NC,NC,9/25/2020,1043.03,"Greenville, NC Metro Area",DC-2
Store-Washington NC,NC,9/28/2020,5062.19,"Greenville, NC Metro Area",DC-2
Store-Washington NC,NC,9/29/2020,3958.97,"Greenville, NC Metro Area",DC-2
Store-Washington NC,NC,9/30/2020,1324.31,"Greenville, NC Metro Area",DC-2
Store-Washington NC,NC,10/1/2020,3454.31,"Greenville, NC Metro Area",DC-2
Store-Washington NC,NC,10/2/2020,6390.13,"Greenville, NC Metro Area",DC-2
Store-Washington NC,NC,10/5/2020,6293.32,"Greenville, NC Metro Area",DC-2
Store-Washington NC,NC,10/6/2020,4443.76,"Greenville, NC Metro Area",DC-2
Store-Washington NC,NC,10/7/2020,189.85,"Greenville, NC Metro Area",DC-2
Store-Washington NC,NC,10/8/2020,2908.97,"Greenville, NC Metro Area",DC-2
Store-Washington NC,NC,10/9/2020,1519.69,"Greenville, NC Metro Area",DC-2
Store-Washington NC,NC,10/12/2020,4908.71,"Greenville, NC Metro Area",DC-2
Store-Washington NC,NC,10/13/2020,5008.09,"Greenville, NC Metro Area",DC-2
Store-Washington NC,NC,10/14/2020,2271.50,"Greenville, NC Metro Area",DC-2
Store-Washington NC,NC,10/15/2020,3733.49,"Greenville, NC Metro Area",DC-2
Store-Washington NC,NC,10/16/2020,2009.87,"Greenville, NC Metro Area",DC-2
Store-Washington NC,NC,10/19/2020,4484.26,"Greenville, NC Metro Area",DC-2
Store-Washington NC,NC,10/20/2020,3073.89,"Greenville, NC Metro Area",DC-2
Store-Washington NC,NC,10/21/2020,876.64,"Greenville, NC Metro Area",DC-2
Store-Washington NC,NC,10/22/2020,2601.98,"Greenville, NC Metro Area",DC-2
Store-Washington NC,NC,10/23/2020,1103.33,"Greenville, NC Metro Area",DC-2
Store-Washington NC,NC,10/26/2020,3812.13,"Greenville, NC Metro Area",DC-2
Store-Washington NC,NC,10/27/2020,7862.18,"Greenville, NC Metro Area",DC-2
Store-Washington NC,NC,10/28/2020,2385.48,"Greenville, NC Metro Area",DC-2
Store-Washington NC,NC,10/29/2020,1419.94,"Greenville, NC Metro Area",DC-2
Store-Washington NC,NC,10/30/2020,438.22,"Greenville, NC Metro Area",DC-2
Store-Washington NC,NC,11/2/2020,4718.21,"Greenville, NC Metro Area",DC-2
Store-Washington NC,NC,11/3/2020,7819.20,"Greenville, NC Metro Area",DC-2
Store-Washington NC,NC,11/4/2020,1218.85,"Greenville, NC Metro Area",DC-2
Store-Washington NC,NC,11/5/2020,2512.67,"Greenville, NC Metro Area",DC-2
Store-Washington NC,NC,11/6/2020,2358.84,"Greenville, NC Metro Area",DC-2
Store-Washington NC,NC,11/9/2020,4711.28,"Greenville, NC Metro Area",DC-2
Store-Washington NC,NC,11/10/2020,11420.81,"Greenville, NC Metro Area",DC-2
Store-Washington NC,NC,11/11/2020,1125.57,"Greenville, NC Metro Area",DC-2
Store-Washington NC,NC,11/12/2020,1755.53,"Greenville, NC Metro Area",DC-2
Store-Washington NC,NC,11/13/2020,1966.96,"Greenville, NC Metro Area",DC-2
Store-Washington NC,NC,11/16/2020,2543.05,"Greenville, NC Metro Area",DC-2
Store-Washington NC,NC,11/17/2020,7247.94,"Greenville, NC Metro Area",DC-2
Store-Washington NC,NC,11/18/2020,1445.75,"Greenville, NC Metro Area",DC-2
Store-Washington NC,NC,11/19/2020,5623.92,"Greenville, NC Metro Area",DC-2
Store-Washington NC,NC,11/20/2020,2303.98,"Greenville, NC Metro Area",DC-2
Store-Washington NC,NC,11/23/2020,949.10,"Greenville, NC Metro Area",DC-2
Store-Washington NC,NC,11/24/2020,4609.82,"Greenville, NC Metro Area",DC-2
Store-Washington NC,NC,11/25/2020,2345.48,"Greenville, NC Metro Area",DC-2
Store-Washington NC,NC,11/30/2020,3984.85,"Greenville, NC Metro Area",DC-2
Store-Washington NC,NC,12/1/2020,2873.72,"Greenville, NC Metro Area",DC-2
Store-Washington NC,NC,12/2/2020,5876.38,"Greenville, NC Metro Area",DC-2
Store-Washington NC,NC,12/3/2020,1939.41,"Greenville, NC Metro Area",DC-2
Store-Washington NC,NC,12/4/2020,1130.13,"Greenville, NC Metro Area",DC-2
Store-Washington NC,NC,12/7/2020,6832.38,"Greenville, NC Metro Area",DC-2
Store-Washington NC,NC,12/8/2020,4766.19,"Greenville, NC Metro Area",DC-2
Store-Washington NC,NC,12/9/2020,1002.97,"Greenville, NC Metro Area",DC-2
Store-Washington NC,NC,12/10/2020,4322.15,"Greenville, NC Metro Area",DC-2
Store-Washington NC,NC,12/11/2020,3451.13,"Greenville, NC Metro Area",DC-2
Store-Washington NC,NC,12/14/2020,3200.69,"Greenville, NC Metro Area",DC-2
Store-Washington NC,NC,12/15/2020,7432.52,"Greenville, NC Metro Area",DC-2
Store-Washington NC,NC,12/16/2020,1844.74,"Greenville, NC Metro Area",DC-2
Store-Washington NC,NC,12/17/2020,6433.72,"Greenville, NC Metro Area",DC-2
Store-Washington NC,NC,12/18/2020,4113.69,"Greenville, NC Metro Area",DC-2
Store-Washington NC,NC,12/21/2020,2298.22,"Greenville, NC Metro Area",DC-2
Store-Washington NC,NC,12/22/2020,3596.70,"Greenville, NC Metro Area",DC-2
Store-Washington NC,NC,12/23/2020,1813.37,"Greenville, NC Metro Area",DC-2
Store-Washington NC,NC,12/28/2020,737.65,"Greenville, NC Metro Area",DC-2
Store-Washington NC,NC,12/29/2020,12136.68,"Greenville, NC Metro Area",DC-2
Store-Washington NC,NC,12/30/2020,866.57,"Greenville, NC Metro Area",DC-2
Store-Washington NC,NC,12/31/2020,1139.81,"Greenville, NC Metro Area",DC-2
Store-Washington NC,NC,1/4/2021,1667.64,"Greenville, NC Metro Area",DC-2
Store-Washington NC,NC,1/5/2021,5298.48,"Greenville, NC Metro Area",DC-2
Store-Washington NC,NC,1/6/2021,1802.05,"Greenville, NC Metro Area",DC-2
Store-Washington NC,NC,1/7/2021,4024.46,"Greenville, NC Metro Area",DC-2
Store-Washington NC,NC,1/8/2021,3025.32,"Greenville, NC Metro Area",DC-2
Store-Washington NC,NC,1/11/2021,1425.12,"Greenville, NC Metro Area",DC-2
Store-Washington NC,NC,1/12/2021,3040.23,"Greenville, NC Metro Area",DC-2
Store-Washington NC,NC,1/13/2021,3767.94,"Greenville, NC Metro Area",DC-2
Store-Washington NC,NC,1/14/2021,4074.14,"Greenville, NC Metro Area",DC-2
Store-Washington NC,NC,1/15/2021,2695.33,"Greenville, NC Metro Area",DC-2
Store-Washington NC,NC,1/18/2021,2107.47,"Greenville, NC Metro Area",DC-2
Store-Washington NC,NC,1/19/2021,8746.63,"Greenville, NC Metro Area",DC-2
Store-Washington NC,NC,1/20/2021,2301.95,"Greenville, NC Metro Area",DC-2
Store-Washington NC,NC,1/21/2021,3393.40,"Greenville, NC Metro Area",DC-2
Store-Washington NC,NC,1/22/2021,4882.11,"Greenville, NC Metro Area",DC-2
Store-Washington NC,NC,1/25/2021,2309.28,"Greenville, NC Metro Area",DC-2
Store-Washington NC,NC,1/26/2021,9671.91,"Greenville, NC Metro Area",DC-2
Store-Washington NC,NC,1/27/2021,6937.66,"Greenville, NC Metro Area",DC-2
Store-Washington NC,NC,1/28/2021,2660.25,"Greenville, NC Metro Area",DC-2
Store-Washington NC,NC,1/29/2021,586.58,"Greenville, NC Metro Area",DC-2
Store-Washington NC,NC,2/1/2021,2492.19,"Greenville, NC Metro Area",DC-2
Store-Washington NC,NC,2/2/2021,5727.65,"Greenville, NC Metro Area",DC-2
Store-Washington NC,NC,2/3/2021,5062.93,"Greenville, NC Metro Area",DC-2
Store-Washington NC,NC,2/4/2021,2627.67,"Greenville, NC Metro Area",DC-2
Store-Washington NC,NC,2/5/2021,4876.06,"Greenville, NC Metro Area",DC-2
Store-Washington NC,NC,2/8/2021,1268.59,"Greenville, NC Metro Area",DC-2
Store-Washington NC,NC,2/9/2021,10774.16,"Greenville, NC Metro Area",DC-2
Store-Washington NC,NC,2/10/2021,1590.60,"Greenville, NC Metro Area",DC-2
Store-Washington NC,NC,2/11/2021,4312.37,"Greenville, NC Metro Area",DC-2
Store-Washington NC,NC,2/12/2021,2312.70,"Greenville, NC Metro Area",DC-2
Store-Washington NC,NC,2/15/2021,471.17,"Greenville, NC Metro Area",DC-2
Store-Washington NC,NC,2/16/2021,5563.81,"Greenville, NC Metro Area",DC-2
Store-Washington NC,NC,2/17/2021,491.26,"Greenville, NC Metro Area",DC-2
Store-Washington NC,NC,2/18/2021,7020.18,"Greenville, NC Metro Area",DC-2
Store-Washington NC,NC,2/19/2021,2781.22,"Greenville, NC Metro Area",DC-2
Store-Washington NC,NC,2/22/2021,1719.18,"Greenville, NC Metro Area",DC-2
Store-Washington NC,NC,2/23/2021,23767.97,"Greenville, NC Metro Area",DC-2
Store-Washington NC,NC,2/24/2021,2674.40,"Greenville, NC Metro Area",DC-2
Store-Washington NC,NC,2/25/2021,1244.85,"Greenville, NC Metro Area",DC-2
Store-Washington NC,NC,2/26/2021,177.87,"Greenville, NC Metro Area",DC-2
Store-Washington NC,NC,3/1/2021,1718.00,"Greenville, NC Metro Area",DC-2
Store-Washington NC,NC,3/2/2021,9290.19,"Greenville, NC Metro Area",DC-2
Store-Washington NC,NC,3/3/2021,2151.15,"Greenville, NC Metro Area",DC-2
Store-Washington NC,NC,3/4/2021,2678.36,"Greenville, NC Metro Area",DC-2
Store-Washington NC,NC,3/5/2021,5833.15,"Greenville, NC Metro Area",DC-2
Store-Washington NC,NC,3/8/2021,961.54,"Greenville, NC Metro Area",DC-2
Store-Washington NC,NC,3/9/2021,12872.47,"Greenville, NC Metro Area",DC-2
Store-Washington NC,NC,3/10/2021,2182.03,"Greenville, NC Metro Area",DC-2
Store-Washington NC,NC,3/11/2021,-6442.08,"Greenville, NC Metro Area",DC-2
Store-Washington NC,NC,3/12/2021,327.44,"Greenville, NC Metro Area",DC-2
Store-Washington NC,NC,3/15/2021,3289.42,"Greenville, NC Metro Area",DC-2
Store-Washington NC,NC,3/16/2021,12721.01,"Greenville, NC Metro Area",DC-2
Store-Washington NC,NC,3/17/2021,1543.65,"Greenville, NC Metro Area",DC-2
Store-Washington NC,NC,3/18/2021,1925.19,"Greenville, NC Metro Area",DC-2
Store-Washington NC,NC,3/19/2021,586.78,"Greenville, NC Metro Area",DC-2
Store-Washington NC,NC,3/22/2021,1431.13,"Greenville, NC Metro Area",DC-2
Store-Washington NC,NC,3/23/2021,6917.19,"Greenville, NC Metro Area",DC-2
Store-Washington NC,NC,3/24/2021,342.71,"Greenville, NC Metro Area",DC-2
Store-Washington NC,NC,3/25/2021,1803.56,"Greenville, NC Metro Area",DC-2
Store-Washington NC,NC,3/26/2021,2717.06,"Greenville, NC Metro Area",DC-2
Store-Washington NC,NC,3/29/2021,21476.03,"Greenville, NC Metro Area",DC-2
Store-Washington NC,NC,3/30/2021,2727.37,"Greenville, NC Metro Area",DC-2
Store-Washington NC,NC,3/31/2021,2744.16,"Greenville, NC Metro Area",DC-2
Store-Washington NC,NC,4/1/2021,3355.52,"Greenville, NC Metro Area",DC-2
Store-Washington NC,NC,4/2/2021,850.41,"Greenville, NC Metro Area",DC-2
Store-Washington NC,NC,4/5/2021,-137.25,"Greenville, NC Metro Area",DC-2
Store-Washington NC,NC,4/6/2021,4777.62,"Greenville, NC Metro Area",DC-2
Store-Washington NC,NC,4/7/2021,1296.28,"Greenville, NC Metro Area",DC-2
Store-Washington NC,NC,4/8/2021,2807.24,"Greenville, NC Metro Area",DC-2
Store-Washington NC,NC,4/9/2021,1947.83,"Greenville, NC Metro Area",DC-2
Store-Washington NC,NC,4/12/2021,5632.88,"Greenville, NC Metro Area",DC-2
Store-Washington NC,NC,4/13/2021,4574.98,"Greenville, NC Metro Area",DC-2
Store-Washington NC,NC,4/14/2021,1505.03,"Greenville, NC Metro Area",DC-2
Store-Washington NC,NC,4/15/2021,1421.25,"Greenville, NC Metro Area",DC-2
Store-Washington NC,NC,4/16/2021,2546.56,"Greenville, NC Metro Area",DC-2
Store-Washington NC,NC,4/19/2021,2017.43,"Greenville, NC Metro Area",DC-2
Store-Washington NC,NC,4/20/2021,3462.61,"Greenville, NC Metro Area",DC-2
Store-Washington NC,NC,4/21/2021,1957.97,"Greenville, NC Metro Area",DC-2
Store-Washington NC,NC,4/22/2021,3485.25,"Greenville, NC Metro Area",DC-2
Store-Washington NC,NC,4/23/2021,870.64,"Greenville, NC Metro Area",DC-2
Store-Washington NC,NC,4/26/2021,4578.47,"Greenville, NC Metro Area",DC-2
Store-Washington NC,NC,4/27/2021,6202.59,"Greenville, NC Metro Area",DC-2
Store-Washington NC,NC,4/28/2021,2009.22,"Greenville, NC Metro Area",DC-2
Store-Washington NC,NC,4/29/2021,3218.54,"Greenville, NC Metro Area",DC-2
Store-Washington NC,NC,4/30/2021,7838.75,"Greenville, NC Metro Area",DC-2
Store-Washington NC,NC,5/3/2021,738.67,"Greenville, NC Metro Area",DC-2
Store-Washington NC,NC,5/4/2021,6113.13,"Greenville, NC Metro Area",DC-2
Store-Washington NC,NC,5/5/2021,2434.63,"Greenville, NC Metro Area",DC-2
Store-Washington NC,NC,5/6/2021,2817.05,"Greenville, NC Metro Area",DC-2
Store-Washington NC,NC,5/7/2021,1968.60,"Greenville, NC Metro Area",DC-2
Store-Washington NC,NC,5/10/2021,3769.07,"Greenville, NC Metro Area",DC-2
Store-Washington NC,NC,5/11/2021,4092.24,"Greenville, NC Metro Area",DC-2
Store-Washington NC,NC,5/12/2021,1035.95,"Greenville, NC Metro Area",DC-2
Store-Washington NC,NC,5/13/2021,3801.74,"Greenville, NC Metro Area",DC-2
Store-Washington NC,NC,5/14/2021,906.33,"Greenville, NC Metro Area",DC-2
Store-Washington NC,NC,5/17/2021,1472.96,"Greenville, NC Metro Area",DC-2
Store-Washington NC,NC,5/18/2021,3260.78,"Greenville, NC Metro Area",DC-2
Store-Washington NC,NC,5/19/2021,1988.12,"Greenville, NC Metro Area",DC-2
Store-Washington NC,NC,5/20/2021,6923.00,"Greenville, NC Metro Area",DC-2
Store-Washington NC,NC,5/21/2021,1298.64,"Greenville, NC Metro Area",DC-2
Store-Washington NC,NC,5/24/2021,1619.50,"Greenville, NC Metro Area",DC-2
Store-Washington NC,NC,5/25/2021,5775.87,"Greenville, NC Metro Area",DC-2
Store-Washington NC,NC,5/26/2021,525.72,"Greenville, NC Metro Area",DC-2
Store-Washington NC,NC,5/27/2021,2438.64,"Greenville, NC Metro Area",DC-2
Store-Washington NC,NC,5/28/2021,1272.07,"Greenville, NC Metro Area",DC-2
Store-Washington NC,NC,6/1/2021,7076.82,"Greenville, NC Metro Area",DC-2
Store-Washington NC,NC,6/2/2021,371.62,"Greenville, NC Metro Area",DC-2
Store-Washington NC,NC,6/3/2021,1431.42,"Greenville, NC Metro Area",DC-2
Store-Washington NC,NC,6/4/2021,1959.10,"Greenville, NC Metro Area",DC-2
Store-Washington NC,NC,6/7/2021,7005.63,"Greenville, NC Metro Area",DC-2
Store-Washington NC,NC,6/8/2021,7226.71,"Greenville, NC Metro Area",DC-2
Store-Washington NC,NC,6/9/2021,760.72,"Greenville, NC Metro Area",DC-2
Store-Washington NC,NC,6/10/2021,4398.52,"Greenville, NC Metro Area",DC-2
Store-Washington NC,NC,6/11/2021,988.59,"Greenville, NC Metro Area",DC-2
Store-Washington NC,NC,6/14/2021,1952.96,"Greenville, NC Metro Area",DC-2
Store-Washington NC,NC,6/15/2021,4313.22,"Greenville, NC Metro Area",DC-2
Store-Washington NC,NC,6/16/2021,1636.67,"Greenville, NC Metro Area",DC-2
Store-Washington NC,NC,6/17/2021,2544.87,"Greenville, NC Metro Area",DC-2
Store-Washington NC,NC,6/18/2021,1963.64,"Greenville, NC Metro Area",DC-2
Store-Washington NC,NC,6/21/2021,11837.19,"Greenville, NC Metro Area",DC-2
Store-Washington NC,NC,6/22/2021,4415.53,"Greenville, NC Metro Area",DC-2
Store-Washington NC,NC,6/23/2021,2825.76,"Greenville, NC Metro Area",DC-2
Store-Washington NC,NC,6/24/2021,3827.89,"Greenville, NC Metro Area",DC-2
Store-Washington NC,NC,6/25/2021,1699.07,"Greenville, NC Metro Area",DC-2
Store-Washington NC,NC,6/28/2021,1458.51,"Greenville, NC Metro Area",DC-2
Store-Washington NC,NC,6/29/2021,6376.01,"Greenville, NC Metro Area",DC-2
Store-Washington NC,NC,6/30/2021,1343.73,"Greenville, NC Metro Area",DC-2
Store-Washington NC,NC,7/1/2021,3869.44,"Greenville, NC Metro Area",DC-2
Store-Washington NC,NC,7/2/2021,571.08,"Greenville, NC Metro Area",DC-2
Store-Washington NC,NC,7/6/2021,5391.34,"Greenville, NC Metro Area",DC-2
Store-Washington NC,NC,7/7/2021,1745.18,"Greenville, NC Metro Area",DC-2
Store-Washington NC,NC,7/8/2021,3210.66,"Greenville, NC Metro Area",DC-2
Store-Washington NC,NC,7/9/2021,4558.88,"Greenville, NC Metro Area",DC-2
Store-Washington NC,NC,7/12/2021,1541.47,"Greenville, NC Metro Area",DC-2
Store-Washington NC,NC,7/13/2021,5470.08,"Greenville, NC Metro Area",DC-2
Store-Washington NC,NC,7/14/2021,1141.07,"Greenville, NC Metro Area",DC-2
Store-Washington NC,NC,7/15/2021,4340.82,"Greenville, NC Metro Area",DC-2
Store-Washington NC,NC,7/16/2021,2803.36,"Greenville, NC Metro Area",DC-2
Store-Washington NC,NC,7/19/2021,2057.09,"Greenville, NC Metro Area",DC-2
Store-Washington NC,NC,7/20/2021,3988.53,"Greenville, NC Metro Area",DC-2
Store-Washington NC,NC,7/21/2021,1279.71,"Greenville, NC Metro Area",DC-2
Store-Washington NC,NC,7/22/2021,4421.98,"Greenville, NC Metro Area",DC-2
Store-Washington NC,NC,7/23/2021,630.46,"Greenville, NC Metro Area",DC-2
Store-Washington NC,NC,7/26/2021,4913.03,"Greenville, NC Metro Area",DC-2
Store-Washington NC,NC,7/27/2021,2762.50,"Greenville, NC Metro Area",DC-2
Store-Washington NC,NC,7/28/2021,731.48,"Greenville, NC Metro Area",DC-2
Store-Washington NC,NC,7/29/2021,5130.68,"Greenville, NC Metro Area",DC-2
Store-Washington NC,NC,7/30/2021,6068.33,"Greenville, NC Metro Area",DC-2
Store-Washington NC,NC,8/2/2021,2386.36,"Greenville, NC Metro Area",DC-2
Store-Washington NC,NC,8/3/2021,5460.06,"Greenville, NC Metro Area",DC-2
Store-Washington NC,NC,8/4/2021,5071.63,"Greenville, NC Metro Area",DC-2
Store-Washington NC,NC,8/5/2021,3336.68,"Greenville, NC Metro Area",DC-2
Store-Washington NC,NC,8/6/2021,614.47,"Greenville, NC Metro Area",DC-2
Store-Washington NC,NC,8/9/2021,4997.75,"Greenville, NC Metro Area",DC-2
Store-Washington NC,NC,8/10/2021,2677.27,"Greenville, NC Metro Area",DC-2
Store-Washington NC,NC,8/11/2021,452.23,"Greenville, NC Metro Area",DC-2
Store-Washington NC,NC,8/12/2021,9613.90,"Greenville, NC Metro Area",DC-2
Store-Washington NC,NC,8/13/2021,1065.29,"Greenville, NC Metro Area",DC-2
Store-Washington NC,NC,8/16/2021,961.47,"Greenville, NC Metro Area",DC-2
Store-Washington NC,NC,8/17/2021,3543.34,"Greenville, NC Metro Area",DC-2
Store-Washington NC,NC,8/18/2021,1288.27,"Greenville, NC Metro Area",DC-2
Store-Washington NC,NC,8/19/2021,3799.10,"Greenville, NC Metro Area",DC-2
Store-Washington NC,NC,8/20/2021,7243.04,"Greenville, NC Metro Area",DC-2
Store-Washington NC,NC,8/23/2021,4190.76,"Greenville, NC Metro Area",DC-2
Store-Washington NC,NC,8/24/2021,2374.19,"Greenville, NC Metro Area",DC-2
Store-Washington NC,NC,8/25/2021,2205.10,"Greenville, NC Metro Area",DC-2
Store-Washington NC,NC,8/26/2021,6054.72,"Greenville, NC Metro Area",DC-2
Store-Washington NC,NC,8/27/2021,2318.88,"Greenville, NC Metro Area",DC-2
Store-Washington NC,NC,8/30/2021,2419.79,"Greenville, NC Metro Area",DC-2
Store-Washington NC,NC,8/31/2021,3616.21,"Greenville, NC Metro Area",DC-2
Store-Washington NC,NC,9/1/2021,678.06,"Greenville, NC Metro Area",DC-2
Store-Washington NC,NC,9/2/2021,2566.25,"Greenville, NC Metro Area",DC-2
Store-Washington NC,NC,9/3/2021,200.52,"Greenville, NC Metro Area",DC-2
Store-Washington NC,NC,9/7/2021,5764.25,"Greenville, NC Metro Area",DC-2
Store-Washington NC,NC,9/8/2021,7797.45,"Greenville, NC Metro Area",DC-2
Store-Washington NC,NC,9/9/2021,5250.71,"Greenville, NC Metro Area",DC-2
Store-Washington NC,NC,9/10/2021,1939.67,"Greenville, NC Metro Area",DC-2
Store-Washington NC,NC,9/13/2021,4036.75,"Greenville, NC Metro Area",DC-2
Store-Washington NC,NC,9/14/2021,3680.57,"Greenville, NC Metro Area",DC-2
Store-Washington NC,NC,9/15/2021,3255.71,"Greenville, NC Metro Area",DC-2
Store-Washington NC,NC,9/16/2021,2802.03,"Greenville, NC Metro Area",DC-2
Store-Washington NC,NC,9/17/2021,2600.31,"Greenville, NC Metro Area",DC-2
Store-Washington NC,NC,9/20/2021,4791.34,"Greenville, NC Metro Area",DC-2
Store-Washington NC,NC,9/21/2021,4266.99,"Greenville, NC Metro Area",DC-2
Store-Washington NC,NC,9/22/2021,2784.06,"Greenville, NC Metro Area",DC-2
Store-Washington NC,NC,9/23/2021,2487.93,"Greenville, NC Metro Area",DC-2
Store-Washington NC,NC,9/24/2021,2855.93,"Greenville, NC Metro Area",DC-2
Store-Washington NC,NC,9/27/2021,3247.78,"Greenville, NC Metro Area",DC-2
Store-Washington NC,NC,9/28/2021,4208.59,"Greenville, NC Metro Area",DC-2
Store-Washington NC,NC,9/29/2021,2755.50,"Greenville, NC Metro Area",DC-2
Store-Washington NC,NC,9/30/2021,6278.38,"Greenville, NC Metro Area",DC-2
Store-Washington NC,NC,10/1/2021,606.42,"Greenville, NC Metro Area",DC-2
Store-Washington NC,NC,10/4/2021,2005.83,"Greenville, NC Metro Area",DC-2
Store-Washington NC,NC,10/5/2021,3381.50,"Greenville, NC Metro Area",DC-2
Store-Washington NC,NC,10/6/2021,1608.87,"Greenville, NC Metro Area",DC-2
Store-Washington NC,NC,10/7/2021,2676.97,"Greenville, NC Metro Area",DC-2
Store-Washington NC,NC,10/8/2021,5994.62,"Greenville, NC Metro Area",DC-2
Store-Washington NC,NC,10/11/2021,928.03,"Greenville, NC Metro Area",DC-2
Store-Washington NC,NC,10/12/2021,10576.78,"Greenville, NC Metro Area",DC-2
Store-Washington NC,NC,10/13/2021,2719.58,"Greenville, NC Metro Area",DC-2
Store-Washington NC,NC,10/14/2021,3605.59,"Greenville, NC Metro Area",DC-2
Store-Washington NC,NC,10/15/2021,1235.79,"Greenville, NC Metro Area",DC-2
Store-Washington NC,NC,10/18/2021,1534.89,"Greenville, NC Metro Area",DC-2
Store-Washington NC,NC,10/19/2021,3174.10,"Greenville, NC Metro Area",DC-2
Store-Washington NC,NC,10/20/2021,3151.16,"Greenville, NC Metro Area",DC-2
Store-Washington NC,NC,10/21/2021,6734.23,"Greenville, NC Metro Area",DC-2
Store-Washington NC,NC,10/22/2021,5140.88,"Greenville, NC Metro Area",DC-2
Store-Washington NC,NC,10/25/2021,1322.81,"Greenville, NC Metro Area",DC-2
Store-Washington NC,NC,10/26/2021,5758.80,"Greenville, NC Metro Area",DC-2
Store-Washington NC,NC,10/27/2021,4197.68,"Greenville, NC Metro Area",DC-2
Store-Washington NC,NC,10/28/2021,2609.25,"Greenville, NC Metro Area",DC-2
Store-Washington NC,NC,10/29/2021,1761.23,"Greenville, NC Metro Area",DC-2
Store-Washington NC,NC,11/1/2021,2656.20,"Greenville, NC Metro Area",DC-2
Store-Washington NC,NC,11/2/2021,5444.94,"Greenville, NC Metro Area",DC-2
Store-Washington NC,NC,11/3/2021,1178.65,"Greenville, NC Metro Area",DC-2
Store-Washington NC,NC,11/4/2021,5230.31,"Greenville, NC Metro Area",DC-2
Store-Washington NC,NC,11/5/2021,3940.93,"Greenville, NC Metro Area",DC-2
Store-Washington NC,NC,11/8/2021,3105.23,"Greenville, NC Metro Area",DC-2
Store-Washington NC,NC,11/9/2021,5639.97,"Greenville, NC Metro Area",DC-2
Store-Washington NC,NC,11/10/2021,2025.76,"Greenville, NC Metro Area",DC-2
Store-Washington NC,NC,11/11/2021,6932.44,"Greenville, NC Metro Area",DC-2
Store-Washington NC,NC,11/12/2021,831.97,"Greenville, NC Metro Area",DC-2
Store-Washington NC,NC,11/15/2021,3793.37,"Greenville, NC Metro Area",DC-2
Store-Washington NC,NC,11/16/2021,6088.90,"Greenville, NC Metro Area",DC-2
Store-Washington NC,NC,11/17/2021,610.39,"Greenville, NC Metro Area",DC-2
Store-Washington NC,NC,11/18/2021,3648.88,"Greenville, NC Metro Area",DC-2
Store-Washington NC,NC,11/19/2021,686.19,"Greenville, NC Metro Area",DC-2
Store-Washington NC,NC,11/22/2021,5915.27,"Greenville, NC Metro Area",DC-2
Store-Washington NC,NC,11/23/2021,4309.58,"Greenville, NC Metro Area",DC-2
Store-Washington NC,NC,11/24/2021,1969.18,"Greenville, NC Metro Area",DC-2
Store-Washington NC,NC,11/29/2021,6401.82,"Greenville, NC Metro Area",DC-2
Store-Washington NC,NC,11/30/2021,3243.14,"Greenville, NC Metro Area",DC-2
Store-Washington NC,NC,12/1/2021,1354.04,"Greenville, NC Metro Area",DC-2
Store-Washington NC,NC,12/2/2021,4647.93,"Greenville, NC Metro Area",DC-2
Store-Washington NC,NC,12/3/2021,4112.03,"Greenville, NC Metro Area",DC-2
Store-Washington NC,NC,12/6/2021,3742.33,"Greenville, NC Metro Area",DC-2
Store-Washington NC,NC,12/7/2021,4476.68,"Greenville, NC Metro Area",DC-2
Store-Washington NC,NC,12/8/2021,4516.95,"Greenville, NC Metro Area",DC-2
Store-Washington NC,NC,12/9/2021,3729.13,"Greenville, NC Metro Area",DC-2
Store-Washington NC,NC,12/10/2021,3823.94,"Greenville, NC Metro Area",DC-2
Store-Washington NC,NC,12/13/2021,2241.19,"Greenville, NC Metro Area",DC-2
Store-Washington NC,NC,12/14/2021,4603.58,"Greenville, NC Metro Area",DC-2
Store-Washington NC,NC,12/15/2021,2548.20,"Greenville, NC Metro Area",DC-2
Store-Washington NC,NC,12/16/2021,2445.00,"Greenville, NC Metro Area",DC-2
Store-Washington NC,NC,12/17/2021,2306.49,"Greenville, NC Metro Area",DC-2
Store-Washington NC,NC,12/20/2021,2863.16,"Greenville, NC Metro Area",DC-2
Store-Washington NC,NC,12/21/2021,4272.58,"Greenville, NC Metro Area",DC-2
Store-Washington NC,NC,12/22/2021,517.16,"Greenville, NC Metro Area",DC-2
Store-Washington NC,NC,12/27/2021,3361.84,"Greenville, NC Metro Area",DC-2
Store-Washington NC,NC,12/28/2021,6665.27,"Greenville, NC Metro Area",DC-2
Store-Washington NC,NC,12/29/2021,2241.24,"Greenville, NC Metro Area",DC-2
Store-Washington NC,NC,12/30/2021,462.43,"Greenville, NC Metro Area",DC-2
